2812 3748
1276 255 1615 318 445-—

223 423 321 471 476.
348 435 388 478 p.
418 425 515 466 363.
544 419 586 466 C.
616 422 660 465 Ε.
690 426 731 466 et
757 420 936 466 Achilles
962 418 1115 467 Statius
1143 426 1186 466 in
1214 423 1351 466 catull.
1381 425 1449 465 64.
1477 435 1515 475 p.
1546 422 1670 476 244.‚-
1710 423 1741 463 ii
1777 432 1857 463 non
1895 420 2128 474 adjecerunt
2165 423 2209 464 in
2237 417 2336 464 diras
2364 423 2444 466 hoc
2472 418 2665 480 loquendi

223 498 351 545 genus
395 496 580 545 spectare
622 496 786 546 partes,
827 496 873 534 ut
900 503 1019 548 sacra
1046 493 1155 551 ferre
1183 494 1225 535 et
1261 493 1292 535 ii
1319 492 1528 545 dicaam,
1573 492 1641 545 qui
1670 489 1775 533 dona
1804 491 1885 532 aris
1916 489 2079 533 deorum
2106 491 2316 552 imponunt
2344 491 2589 544 (Broukhus.
2618 494 2662 535 in

223 561 364 606 Tibull.
393 561 452 604 Ν.
486 563 524 615 1,
554 562 592 603 8
620 572 663 614 p.-
686 560 788 605 351.
824 560 1055 614 Cannegiet.
1083 561 1127 604 in
1152 559 1291 603 Avian-
1311 558 1406 603 Fab.
1425 558 1592 603 XXXIX.
1623 561 1663 602 6.
1692 569 1730 611 p.
1760 559 1878 612 214.)
1908 561 1950 600 et
1977 560 2020 612 ιι,
2050 560 2117 611 qui
2144 560 2205 600 rei
2234 560 2392 601 divinae
2421 564 2659 614 apparatam

214 630 386 683 (Hygin.
407 629 501 688 Fab.
522 618 613 672 Cl-v.
629 641 667 683 p.
693 631 818 672 194.;
838 630 964 689 jussit
991 632 1153 682 signum
1180 631 1223 671 et
1249 639 1405 671 sacra
1433 652 1487 658 —
1517 626 1726 689 comburi“
1754 627 1795 668 id
1821 630 1887 668 est
1914 638 2103 681 „sacram
2127 628 2445 680 supeilectilem“
2465 628 2681 672 scheller.—

220 710 260 753 p.
288 696 386 742 590.
416 698 694 741 Hemsterhus.
718 699 761 740 ιιι
789 697 967 751 Prop.1.
1001 699 1138 753 1,20
1164 708 1204 752 p.
1233 698 1351 747 922.)
1394 697 1655 739 deducunt
1699 696 1763 748 (ut
1806 699 1994 737 tensas
2035 696 2296 738 deducere
2341 696 2589 753 Oudendorp.
2619 699 2662 740 in

214 768 385 810 Sueten.
413 769 514 821 Aug.
543 770 611 819 43.
640 779 682 820 p.
710 768 806 808 238.
836 768 920 820 sq.)
950 769 1035 808 sive
1065 767 1276 808 ducunt
1286 760 1442 820 (Popm.
1473 769 1514 808 ιιι
1542 766 1708 807 Varron.
1739 765 1802 806 de
1816 765 1858 808 L.
1888 765 1930 807 L
1960 764 2005 807 V.
2034 776 2073 817 p.
2107 766 2199 819 135.
2228 767 2313 818 sq)
2343 766 2408 808 vel
2441 770 2660 819 portant

220 836 349 889 (Fest.
378 848 416 889 p.
449 839 541 878 14.:
585 836 763 894 arculam
790 836 1044 888 appellabant
1070 833 1284 889 circulum,
1323 846 1441 889 quem
1478 836 1602 888 capiti
1638 832 1897 887 imponebant
1925 833 1977 876 ad
2005 833 2242 877 sustinenda
2269 835 2515 878 commodius
2544 844 2661 889 vasa,

220 915 323 958 quae
366 905 417 948 ad
460 898 578 946 sacra
620 904 780 957 publica
821 906 953 957 capite
995 903 1298 957 portabantur.“
1358 904 1511 945 Ciofan.
1555 905 1597 945 in
1641 902 1751 944 Ovid.
1793 896 1886 943 Met.
1911 902 1950 944 ll.
1982 903 2084 944 711.
2108 913 2147 954 p.
2181 904 2276 945 152.
2333 899 2583 958 Oudendorp.
2617 906 2661 947 in

216 973 371 1027 Apulej.
399 971 488 1016 Met.
518 972 603 1015 vul.
632 984 671 1025 p.
700 972 831 1025 581.)’.
889 972 976 1015 Vid.
1002 973 1136 1028 Manil-
1162 973 1289 1015 1.‹4.:
1318 972 1463 1023 Sidera
1491 993 1545 1001 ——
1575 972 1773 1014 deducere
1801 971 1945 1012 mundo
1964 970 2199 1022 'Aggredior
2226 974 2514 1025 prim-usque
2542 974 2679 1031 novis*

217 1042 410 1085 Helicona·
435 1050 598 1083 movere>
625 1040 815 1082 Cantibus
849 1063 903 1070 —
932 1042 1157 1093 Hospita
1184 1050 1339 1082 sacra
1365 1041 1551 1082 ferens
1579 1040 1678 1082 nulli
1705 1042 1926 1081 memorata
1952 1039 2174 1091 priorum.“
2232 1040 2301 1081 Sil.
2331 1041 2420 1082 Ital.
2450 1042 2504 1083 11].
2534 1043 2660 1084 619.;

215 1109 311 1151 huic
339 1119 433 1150 sua
460 1109 597 1150 Musae
626 1109 789 1150 Sacra
816 1109 1054 1162 ferent,“
1084 1109 1134 1150 ab
1165 1110 1279 1160 cujus
1306 1119 1450 1149 versus
1479 1110 1681 1150 sententia
1710 1107 1841 1149 differt
1872 1107 2092 1149 Germanic.
2121 1108 2230 1148 Arat.
2260 1107 2417 1150 Phaen.
2442 1111 2511 1151 3.:
2554 1108 2658 1152 tibi

218 1187 338 1219 sacra
365 1175 661 1231 ferof‘fflvirg.
690 1176 787 1218 Aen.
816 1177 1004 1225 1X.>86.:
1050 1177 1181 1220 Lucus
1211 1179 1254 1218 in
1283 1186 1376 1218 arce
1404 1176 1481 1217 fuit
1508 1186 1678 1236 summa,
1709 1186 1804 1228 quo
1850 1185 2006 1217 sacra
2047 1174 2336 1218 ferebant.“
2394 1176 2502 1219 ovid.
2532 1177 2660 1230 Epist.

215 1257 268 1287 ex
295 1245 409 1287 Pont.
438 1245 466 1287 1.
500 1247 538 1299 1,
567 1246 662 1287 45.;
691 1256 762 1299 pro
793 1247 915 1289 sistro
945 1245 1189 1299 Phrygiique
1217 1246 1414 1289 foramine
1442 1244 1539 1287 buxi
1561 1244 1705 1304 *Gentis
1733 1243 1870 1292 «Iuleae
1898 1244 2107 1287 nomina
2141 1247 2337 1286 s-a-ncta
2362 1244 2489 1287 fero.
2548 1245 2658 1288 Vati-
2712 1236 2720 1243 ’

215 1316 329 1357 einor
355 1325 606 1372 moneoque}
630 1314 760 1356 locum
788 1314 879 1357 date
909 1324 1066 1357 sacra
1093 1313 1321 1366 ferenti:
1348 1313 1434 1356 Non
1461 1313 1573 1367 mihi,
1601 1313 1677 1355 sed
1702 1322 1848 1365 magno
1877 1314 2058 1366 poscitur
2082 1312 2156 1354 ille·
2180 1313 2307 1356 deof‘
2356 1314 2500 1357 Senec.
2520 1314 2658 1369 oedip.

215 1384 340 1425 431.:
380 1382 551 1425 Condita
577 1382 719 1424 lascivi
761 1383 1020 1425 deducunt
1063 1385 1236 1435 orgia.
1256 1382 1456 1436 mystae&
1485 1394 1577 1425 cum
1604 1392 1681 1434 quo
1709 1381 1800 1423 loco
1828 1383 1870 1422 et
1897 1381 2044 1422 Avieni¹
2066 1391 2209 1422 versus
2238 1382 2378 1424 Descr.
2407 1383 2499 1425 orb.
2532 1385 2675 1429 13⁷⁶..

214 1451 503 1505 comparandus
533 1454 618 1494 est:
648 1454 756 1494 stata
783 1444 955 1494 sollicito
984 1451 1185 1494 deducunt
1212 1453 1328 1504 orgia
1354 1450 1462 1496 ritu“
1481 1450 1608 1504 (conf.
1628 1451 1725 1494 757.
1736 1462 1748 1500 ,ε
1778 1452 1886 1492 stata
1914 1451 2058 1491 ctu-ant
2082 1449 2192 1493 festa
2210 1449 2395 1505 Lyaeo“)
2424 1455 2466 1494 et
2483 1454 2658 1497 maxime
2702 1496 2707 1504 ,

212 1522 398 1574 eongnnt
424 1520 550 1578 locus,
581 1531 698 1573 quem
724 1514 885 1562 brevius
915 1522 1048 1572 attigit
1065 1520 1254 1579 ,Petavius
1282 1522 1324 1562 in
1344 1520 1538 1562 Themist.
1567 1520 1630 1561 οι·.
1650 1519 1700 1561 V.
1725 1530 1763 1572 p.
1785 1520 1888 1560 409.
1911 1529 1989 1571 sq„
2017 1518 2133 1560 Herc.
2164 1519 2252 1561 Oet.
2278 1521 2391 1574 594,
2420 1522 2490 1563 ubi
2509 1523 2652 1575 ipsun

211 1592 325 1629 extat
351 1589 459 1640 illud,
489 1589 592 1640 quod
621 1588 726 1640 apud
743 1589 1004 1641 ‘Propertium
1032 1590 1282 1640 Statiumque
1308 1588 1481 1639 legitur:
1511 1588 1596 1630 Nos
1621 1587 1812 1631 Cadmeis¹
1836 1588 1985 1638 orgia
2012 1587 2154 1629 ferre
2185 1587 2340 1631 Tecum.
2363 1589 2507 1632 solitae
2536 1601 2653 1635 con-

213 1656 323 1698 dita
366 1657 525 1698 cistis
570 1655 700 1708 (Ovid.
728 1656 811 1698 Art.
841 1656 926 1698 Am.
955 1657 995 1699 ll.
1027 1659 1150 1706 609.:
1199 1657 1419 1700 Condita
1462 1657 1500 1698 si
1532 1666 1617 1698 non·
1641 1657 1739 1708 sunt
1763 1649 1931 1696 Veneris
1978 1657 2230 1705 mysteria
2260 1646 2492 1711 cist*is“).
2519 1658 2651 1701 ‘cont

217 1723 419 1767 Claudian.
434 1725 476 1766 in
491 1724 650 1777 Eutrop.
665 1723 695 1766 1.
712 1725 821 1767 279.;
841 1725 870 1767 C
881 1724 986 1776 ymb
998 1725 1079 1767 ala
1104 1724 1249 1767 ferre
1278 1724 1415 1778 licet,“
1431 1734 1533 1777 quae
1551 1723 1676 1765 verba
1694 1721 2485 1778 explicavit-DempsterusParalipAntiq.
2501 1737 2540 1779 p.
2555 1728 2654 1769 227.

211 1793 319 1835 eonf.
347 1793 565 1834 Ritterhus.
595 1794 636 1833 in
665 1792 829 1851 Oppian.
860 1794 955 1844 Cyn.
984 1794 1045 1835 Ν.
1074 1794 1175 1835 242.
1199 1805 1239 1846 p.
1273 1796 1377 1835 1·41..
1402 1803 1564 1835 sacra-
1595 1795 1682 1834 sive
1717 1791 1917 1834 ancilia
1943 1792 2052 1833 ferre
2080 1791 2435 1836 Juvena1.⁷11.125.
2457 1798 2499 1836 et
2517 1794 2649 1838 Valet.

207 1861 364 1904 Maxim.
380 1861 467 1916 Ι.1,
484 1864 522 1903 9.
543 1863 753 1913 gestare
774 1865 1008 1915 tympana
1028 1862 1128 1905 Stat.
1145 1862 1287 1906 Achill.
1306 1861 1342 1905 ι..
1358 1862 1453 1904 654.
1475 1870 1631 1903 sacra
1650 1870 1839 1913 gerere
1858 1859 1990 1902 Valet.
2010 1857 2168 1902 Maxim.
2183 1860 2209 1902 ι.
2231 1860 2267 1902 d.
2287 1860 2394 1905 conf.
2420 1852 2659 1907 Merobaude
2689 1892 2692 1894 ψ

209 1930 337 1972 carm.
366 1930 397 1971 Ι.
430 1932 523 1972 19.
567 1930 744 1984 suboles,
774 1941 875 1983 quae
903 1933 971 1974 vix
995 1932 1115 1974 modo
1143 1933 1274 1973 missa
1300 1930 1376 1973 sub
1406 1940 1527 1972 auras
1555 1929 1781 1980 Mystica
1799 1930 1887 1982 jam
1914 1931 2053 1971 tenero
2081 1932 2250 1982 pectore
2275 1940 2433 1974 sacra
2471 1933 2657 1985 gei-tw

206 1999 360 2051 Adjicio
390 2001 512 2041 etiam
540 1999 614 2040 Sil
639 1999 729 2045 Jtal.
758 1999 810 2041 11].
841 2001 964 2041 566;
1009 1984 1284 2052 Assaracique
1305 2000 1432 2042 larem
1459 2002 1514 2040 et
1534 1998 1728 2040 Vestae
1765 2000 1985 2040 secreta
2019 1998 2255 2041 feramus
2295 2000 2402 2042 conf.
2420 2000 2579 2059 Grang.
2607 2003 2653 2045 in

205 2067 383 2122 Juvenal.
412 2067 579 2110 1].1.25
608 2078 646 2120 p.
676 2069 746 2110 45.
803 2059 938 2110 Valer.
961 2068 1119 2111 Maxim.
1148 2069 1177 2111 Ι.
1211 2071 1248 2123 1,
1282 2070 1374 2111 13.:
1418 2070 1578 2111 secreta
1607 2067 1782 2109 civilium
1807 2066 2059 2109 sacrorum.“
2116 2067 2265 2110 Lucan.
2294 2067 2324 2110 Ι.
2358 2070 2481 2111 197..
2523 2060 2654 2122 Phry-

206 2137 341 2188 giique
369 2135 537 2188 penates
567 2158 622 2165 -—
651 2138 694 2177 et
720 2137 855 2188 rapti
870 2140 1089 2179 secreta·
1116 2137 1331 2186 Quirini.
1362 2135 1652 2178 etv.222.1.
1683 2136 1778 2175 64..
1809 2135 2001 2178 Cirrhaea
2030 2155 2087 2166 —·
2115 2139 2334 2177 secreta
2360 2142 2653 2182 moventem

207 2227 263 2235 -
305 2202 490 2247 doum.“
547 2203 706 2246 Anthol.
748 2203 839 2246 Lat.»
876 2204 920 2247 Ι..
951 2206 1018 2247 80.
1046 2216 1086 2259 p.
1115 2207 1184 2248 59.
1214 2215 1303 2258 sq.-:
1346 2204 1544 2247 Fortunae
1587 2203 1804 2245 simulacra
1847 2203 1985 2261 colens
2030 2206 2073 2244 et
2114 2203 2309 2256 Apollinis
2353 2215 2447 2246 aras
2490 2206 2650 2249 Area-

206 2283 403 2325 numque
428 2271 533 2330 vn‚“
554 2266 851 2324 quibusiverbis
880 2278 965 2315 non
990 2276 1148 2315 omnino
1178 2274 1388 2315 dissimilia
1413 2272 1556 2314 haberi
1582 2275 1755 2325 possunt
1781 2271 1910 2314 verba·
1925 2272 2122 2324 Martialis
2139 2272 2211 2315 Vll.
2233 2275 2302 2326 63,
2322 2273 2387 2317 a‘:
2418 2285 2573 2319 sacra
2592 2285 2651 2307 '—

205 2342 340 2392 attigit
357 2360 414 2370 —-
428 2332 656 2383 Maronis
673 2341 700 2363 “
729 2344 771 2381 et
799 2342 900 2382 Stat.
922 2342 1017 2383 Silv.
1039 2342 1084 2383 V.
1105 2344 1145 2396 3,
1177 2343 1297 2383 158..:
1327 2342 1502 2393 pandere
1518 2364 1572 2371 —-
1589 2341 1776 2383 Carmina
1802 2338 2010 2383 Battiadae
2025 2360 2082 2372 --
2097 2341 2388 2394 Sophronaque
2415 2343 2655 2396 implicitum-

205 2410 416 2460 tenuisque
443 2417 540 2450 -arc
553 2418 649 2450 ana
678 2409 902 2452 Corinnae“
931 2413 972 2452 et
998 2410 1108 2464 illud,
1137 2410 1242 2463 quod
1269 2399 1392 2462 supra
1419 2421 1457 2463 p.
1487 2410 1560 2452 44.
1584 2419 1735 2462 ponere
1765 2408 1915 2450 subiit:
1959 2411 2177 2450 secreta
2217 2409 2507 2453 Philetae.“
2563 2412 2647 2457 Nee
2709 2423 2714 2428 ¹

205 2478 344 2520 omItto
385 2475 550 2518 Manil.
593 2475 659 2518 Ν.
684 2479 777 2519 68.:
822 2478 1113 2532 cedentemque
1151 2480 1241 2522 viro
1263 2478 1490 2532 flammam,
1535 2479 1603 2531 qui
1645 2470 1838 2530 tem-pla
1880 2477 2115 2530 ferebat,
2132 2477 2160 2499 44
2203 2477 2272 2519 ubi
2314 2479 2464 2531 templa
2506 2480 2651 2523 vocari

203 2547 360 2588 sacra
399 2544 559 2598 volunt,
603 2547 671 2597 qui
699 2549 794 2587 sunt
820 2546 969 2589 Iacobo
998 2548 1164 2600 p..=223.
1195 2547 1392 2601 („templa
1419 2557 1491 2599 pro
1522 2547 1593 2588 dei
1613 2549 1814 2599 potestate
1844 2548 1887 2588 ei-
1911 2546 2100 2598 erepta“)
2115 2547 2510 2598 ·circumspecuores
2538 2550 2653 2599 cont.-

204 2614 351 2665 scalig.
380 2623 425 2666 p..
448 2612 573 2653 277.;
603 2614 753 2668 templa
780 2608 1025 2668 ἑλληνικῶς.
1085 2615 1185 2656 Nam
1211 2613 1270 2656 τὰ
1299 2611 1397 2671 ἴερά
1425 2617 1514 2656 tam·
1533 2626 1613 2656 -res
1654 2625 1821 2670 sacrae,
1863 2617 1908 2655 ut
1948 2614 2192 2667 Palladium,
2237 2624 2361 2667 quam
2397 2617 2550 2669 templa
2587 2618 2665 2660 di-·.

200 2681 389 2724 cunturf‘·
440 2680 633 2723 Nimirum
667 2692 791 2724 saera.
822 2682 987 2724 fuerunt
1023 2683 1258 2735 templorum
1295 2685 1336 2725 et
1374 2687 1547 2725 caussae
1577 2686 1618 2725 et
1646 2683 1938 2734 augustissima
1966 2682 2113 2724 decora
2151 2682 2258 2724 conf.
2286 2682 2369 2725 Liv.
2400 2683 2450 2725 V..
2473 2685 2550 2739 52,
2577 2687 2650 2729 13.-

201 2750 283 2793 Sed
312 2749 541 2802 oportuerat
568 2749 750 2791 adhiberi
777 2750 846 2791 Sil.
875 2751 966 2793 Jtal.
996 2751 1025 2792 Ι.
1056 2754 1180 2793 668.:
1225 2752 1388 2793 Sacra
1430 2752 1666 2804 domumque
1708 2752 1893 2793 ferens
1931 2754 1974 2792 et
2008 2753 2073 2792 a-vi
2110 2751 2409 2803 penetralia
2439 2751 2655 2796 Tu-rni“·

200 2818 308 2861 conf.
336 2818 424 2859 Liv.
448 2817 494 2859 V.
525 2820 594 2870 53,
625 2820 691 2859 8.:
719 2817 904 2861 habitare
933 2822 1000 2861 est
1027 2812 1156 2861 satius
1186 2822 1290 2862 inter
1318 2830 1437 2862 sacra
1464 2820 1758 2872 penatesque.“
1798 2819 2030 2861 >Broukhus.
2051 2821 2092 2861 in
2113 2818 2255 2860 Tibull.
2274 2818 2314 2860 ll.
2330 2819 2377 2872 ὅ,
2397 2820 2465 2880 40.
2484 2831 2524 2873 p.
2543 2821 2649 2866 259.-

408 2885 516 2935 Quae
546 2881 667 2939 quum
693 2887 751 2928 ita
779 2888 862 2930 sint
887 2898 960 2945 pro
989 2888 1180 2941 inquisito
1209 2888 1258 2932 ae
1287 2889 1489 2942 comperto
1518 2888 1697 2930 videmur
1719 2888 1807 2940 jam
1836 2889 2074 2940 exposuisse
2103 2887 2158 2940 id,
2188 2886 2293 2939 quod
2311 2886 2487 2929 breviter
2504 2891 2653 2943 ,sigub
2710 2907 2711 2910 ¹

190 2954 370 3002 ,acuunt
398 2954 525 2996 Cerda
548 2956 594 2995 in
621 2954 729 3006 virg.
749 2955 851 2996 Aen..
867 2955 939 2997 Vll.
960 2957 1058 2997 403.
1077 2967 1119 3008 p.
1139 2958 1207 2998 71.
1223 2957 1268 2998 Α.
1300 2960 1341 2998 et
1359 2956 1545 2998 Barthius
1565 2959 1607 2997 in
1627 2957 1728 2998 Stat.
1759 2956 1882 2997 Theb.
1914 2956 1973 2997 Ν.
2005 2958 2099 2998 783.
2129 2967 2174 3007 p.v
2201 2956 2359 3004 1269.;
2384 2959 2536 3008 orgia
2563 2958 2649 3002 Pa-
2675 3004 2681 3007 s
2709 2975 2712 2979 ·

196 3025 332 3077 pinius
351 3011 432 3077 'pro
474 3024 855 3065 instrumentis
901 3023 1167 3066 sacrorum
1207 3024 1386 3078 posuit,“
1426 3025 1569 3076 reliqui
1598 3025 1699 3067 adeo
1729 3035 1810 3067 non
1838 3025 2047 3076 assequuti
2075 3028 2182 3078 sunt,
2211 3027 2256 3066 ut
2283 3023 2573 3079 Hertzbergius
2601 3029 2650 3072 ln-
2696 3047 2704 3054 ·

196 3091 315 3144 Prop.
334 3103 373 3144 p.
394 3093 490 3134 244.
510 3092 574 3134 vel
603 3102 763 3145 sacra,
766 3091 984 3144 ‚fortass
996 3102 1019 3133 e
1047 3102 1148 3133 vasa
1167 3094 1208 3134 et
1227 3096 1470 3145 apparatum
1483 3103 1648 3136 sacr-um
1663 3086 1786 3136 cultui
1805 3092 2047 3135 destinatum
2065 3092 2240 3145 intelligi
2255 3088 2410 3147 posse“
2430 3095 2642 3141 scriberet.

198 3158 325 3207 Quam
343 3171 437 3203 rem
464 3160 643 3213 pluribus
673 3162 715 3204 in
743 3170 830 3213 cap.
839 3159 943 3202 Vlll.
973 3159 1341 3213 comprobabimus.
1391 3157 1498 3212 Ergo
1523 3171 1572 3203 se
1615 3161 1761 3203 itala
1799 3162 1949 3211 orgia
1991 3160 2226 3214 Propertius
2254 3161 2466 3222 profitetur
2496 3165 2652 3208 ferre*

197 3237 286 3280 per
316 3227 501 3282 Gra-jos
545 3229 726 3272 choros
770 3229 897 3283 (quod
924 3230 1161 3276 memoriam
1184 3227 1301 3269 affert
1319 3228 1406 3269 loci
1432 3228 1636 3282 Aristoph.
1666 3230 1764 3270 Ran.
1794 3230 1917 3270 354..
1962 3222 2197 3285 Εὗφημεΐν
2225 3226 2305 3287 χρῆ
2334 3223 2642 3280 κάξίστασθαι

195 3295 292 3342 τοῖς
318 3287 574 3354 ὖμετέροισι
601 3300 821 3355 χοροῖσιν,
841 3293 997 3345 ’Όστις
1025 3320 1079 3327 -
1108 3297 1326 3348 γενναίων
1369 3290 1536 3355 ὄργια
1577 3295 1829 3339 Μουσῶν
1869 3289 1966 3352 μήτ’
2000 3295 2121 3340 εἶδεν
2152 3291 2249 3354 μήτ’
2294 3294 2660 3355 ἐχόρευσενλ

190 3365 284 3409 ‚sive
313 3363 425 3407 abuti
450 3365 546 3415 iicet
572 3367 707 3410 verbis
736 3367 935 3411 Maniliil.
965 3367 1029 3410 d.:
1058 3366 1203 3409 Jtala
1238 3375 1394 3409 sacra
1431 3364 1578 3408 ferre
1609 3365 1796 3419 Grajos
1825 3365 2157 3410 inchoantem
2186 3371 2376 3411 cantus
2396 3367 2459 3410 vel
2484 3367 2649 3414 sidonii

195 3432 438 3488 Avolllnafis
466 3433 594 3484 carm.
623 3435 685 3483 Xl.
718 3436 826 3481 120..
854 3435 996 3481 Itala
1016 3436 1187 3490 >orgia
1226 3435 1383 3489 Graio
1415 3434 1599 3486 thyrso
1638 3438 1817 3479 rotare
1847 3436 1913 3489 (ut
1951 3438 2101 3489 orgia
2128 3448 2332 3481 movere
2361 3436 2689 3501 columam..
