2812 3748
1291 244 1630 326 „374-

238 408 283 452 1.·
300 411 340 451 6.
369 420 405 461 p.
434 412 497 452 6.:
525 409 748 453 naturalem
774 411 921 453 faciem
948 410 1202 454 laudabiliter
1228 411 1560 455 mentianturf‘
1616 410 1688 453 Ed.
1716 410 1969 453 metiantur
1996 413 2037 454 et
2064 400 2288 454 Mamertini
2326 406 2430 454 Grat.
2470 412 2559 455 Act.
2586 406 2687 456 XIV<

238 479 309 519 4.:“
331 470 770 530 operum‘multitu'dine
799 502 854 510 —-
884 482 1065 533 tempora
1093 478 1349 522 metientur.“
1406 479 1533 523 Guelf.
1560 478 1889 522 mentientur.“
1917 479 2007 521 add.
2037 480 2142 523 Cort.
2172 481 2215 522 in
2254 478 2403 521 Lucan.
2440 480 2496 523 Vl.
2534 481 2603 522 32.
2640 488 2682 533 p,

238 546 364 599 5.,01
393 545 550 590 dicendi
578 557 706 599 genus
735 557 816 590 non
843 547 1092 602 infrequens,
1120 547 1359 590 illustratum
1387 548 1482 590 illud
1508 559 1599 590 cum
1628 547 1688 589 ab.
1711 547 1804 588 aliis
1832 550 1915 588 tum
1935 557 1961 588 a
1981 548 2218 590 casaubono
2246 549 2289 588 in
2311 547 2475 599 Capitol.
2495 549 2681 590 Gordian.

235 612 289 655 lli.
318 623 411 667 cap.
433 615 502 656 31.
532 625 569 667 p.
603 616 695 658 127.
726 615 890 657 Heinsio
920 617 962 657 in
991 616 1059 657 Sil.
1089 616 1180 657 Jtal.
1210 616 1281 658 Vll.
1310 615 1408 657 497.
1436 627 1476 668 p.
1505 618 1601 658 376.
1630 614 1893 665 Hertzbergio
1934 617 1977 656 in
2014 616 2131 669 Prop.
2170 617 2199 658 1.
2244 617 2310 668 16,
2355 614 2393 658 7.
2431 627 2470 669 p.
2509 618 2577 658 57.
2616 626 2680 669 sq.

236 681 318 724 Hoc
345 684 453 725 enlm
481 682 577 726 dicit
602 683 824 726 Arnobius:
852 685 894 727 in
924 694 1097 736 anguem
1119 695 1171 726 se
1200 685 1398 738 convertit
1425 684 1540 739 deus,
1570 696 1646 738 quo
1677 684 1869 726 deessent
1904 682 2088 726 homines
2125 695 2247 738 posse
2285 685 2420 744 metiri
2448 695 2494 726 se
2524 683 2678 736 (Barth.

232 751 287 793 111
303 749 504 793 Claudian.
533 752 651 806 Rapt.
679 752 796 794 Pros.
826 752 867 794 ll.
901 753 965 795 12.
994 764 1035 805 p.
1063 754 1184 806 906.)
1213 754 1398 806 quisnam
1426 757 1542 795 esset
1567 757 1636 795 aut
1664 753 1811 795 intueri
1840 752 1969 804 qualis
2010 755 2139 794 esset:
2179 753 2436 795 deessent
2475 763 2553 805 quo
2591 763 2679 794 me-

234 819 327 861 tiri
355 830 400 860 se
428 830 552 871 posse
581 822 765 872 quisnam
791 824 906 868 esset
922 825 1003 863 ·aut
1032 822 1188 875 qualis
1217 821 1402 863 homines
1430 821 1617 864 intueri.“
1648 844 1703 851 —-
1724 819 1824 871 Pag.
1854 820 1952 862 251.
1982 830 2069 873 cap.
2099 822 2167 863 46.
2196 821 2287 874 (43.
2314 832 2356 874 p.
2385 822 2485 864 264.
2515 820 2679 874 orem:

234 885 363 940 caput
389 890 427 931 si
454 881 595 931 habuit
624 892 742 942 atque
773 889 955 943 caudam,
984 890 1021 932 si
1051 889 1176 933 oblita
1203 890 1382 943 squamis
1411 892 1541 943 terga,
1570 891 1607 931 si
1634 888 1881 934 macularum
1910 887 2216 930 suffectionibus
2245 891 2417 941 varia,
2447 890 2486 931 si
2515 900 2563 931 os
2584 889 2679 930 den-

200 1005 205 1007 ,
234 953 342 997 1111113
371 956 585 1016 horridum.
616 958 788 1000 Hildebr.
818 959 1049 1000 varians.
1079 958 1166 1000 cod.
1194 960 1404 1000 varium.
1433 991 1445 998 .
1464 958 1572 1007 Quod
1609 960 1651 999 in
1689 958 1778 998 loco
1820 957 2072 998 retinendum
2109 960 2185 998 est.
2243 957 2406 999 Videtur
2442 960 2551 1000 enim
2588 958 2679 1010 ejns
2732 973 2736 976 ’

233 1023 363 1074 ipsius
392 1027 503 1066 vocis
532 1027 719 1068 simitudo
749 1027 916 1079 fecisse,
946 1029 991 1067 ut
1017 1027 1275 1082 intercideret
1302 1029 1549 1068 uentrem.
1578 1049 1632 1055 —
1672 1025 1772 1076 Pag.
1811 1025 1907 1066 254.
1947 1034 2035 1076 cap.
2076 1026 2144 1067 50.
2184 1024 2274 1077 (57.
2302 1035 2341 1077 p.
2369 1024 2477 1068 ⁷267.
2516 1025 2679 1079 Orell.):

235 1091 325 1142 quis
353 1091 558 1135 hominum
586 1094 724 1136 credet
751 1097 860 1136 terra
888 1097 1088 1146 sumptum
1115 1093 1287 1147 lapidem
1317 1104 1442 1136 sensu
1471 1093 1700 1145 agitabilem
1728 1092 1835 1134 nullo
1864 1091 2049 1143 fuliginei
2084 1092 2230 1134 coloris
2270 1090 2388 1144 atque
2427 1095 2532 1135 atri
2570 1103 2678 1135 cor·

236 1160 382 1212 poris
413 1160 528 1203 deum
556 1161 686 1204 fuisse
707 1161 933 1204 111111101111Μ
991 1161 1121 1203 Ursin.
1151 1164 1256 1204 atri
1283 1163 1439 1215 deum.
1498 1162 1669 1204 Hildebr.
1698 1163 1848 1213 parvi
1877 1163 2129 1212 corporis.
2187 1160 2309 1201 Immo
2334 1171 2428 1202 vero
2458 1163 2560 1202 arti
2588 1172 2678 1207 core

234 1229 344 1283 poris
365 1229 469 1270 conf.
491 1229 592 1280 quae
612 1240 735 1281 supra
755 1241 792 1281 p.
814 1233 882 1271 77.
903 1230 1072 1273 diximus
1092 1233 1135 1276 in
1152 1231 1240 1272 libr.
1261 1231 1305 1272 V.
1326 1242 1365 1283 p.
1390 1233 1482 1271 161.
1504 1242 1590 1282 cap.
1612 1233 1649 1271 8.
1672 1230 1761 1271 add.
1781 1230 1902 1280 hujus
1922 1229 2015 1271 libri
2036 1240 2124 1281 cap.
2148 1231 2216 1271 49.
2240 1239 2279 1281 p.
2311 1229 2428 1270 253.:
2457 1229 2560 1282 lapis
2589 1230 2677 1282 quis

234 1294 325 1338 dam
354 1306 435 1357 non
461 1297 672 1349 magnu8.“
730 1297 920 1339 Similiter
948 1297 1132 1340 dixerunt
1159 1298 1349 1350 Virgilius
1378 1301 1419 1340 et
1447 1297 1600 1339 Statius
1628 1300 1793 1339 artam
1821 1296 2036 1350 pellem,
2066 1299 2229 1339 cutem
2256 1297 2394 1339 Heius.
2426 1298 2519 1338 Adv.
2549 1297 2577 1339 1.
2610 1299 2675 1339 14.

233 1375 274 1415 p.
305 1365 397 1407 144.
427 1369 467 1407 et
490 1366 593 1408 Add.
623 1377 661 1418 p.
693 1368 788 1409 766.
820 1366 925 1409 Cort.
954 1368 995 1409 in
1024 1358 1170 1409 Lucan.
1202 1367 1258 1409 Vl.
1290 1368 1386 1410 288.
1415 1378 1453 1421 p.
1485 1368 1580 1408 471.
1608 1364 1735 1407 Affert
1764 1368 1897 1407 autem
1925 1365 1992 1407 hic
2021 1366 2134 1408 locus
2164 1368 2398 1408 memoriam
2436 1369 2477 1407 et
2510 1365 2674 1408 Diosco-

232 1433 329 1474 ridis
360 1433 476 1476 Anth.
505 1433 589 1476 Pal.
619 1433 677 1475 Vl.
708 1435 805 1476 220.
836 1428 1161 1484 Πεσσὶνόεντος
1190 1428 1285 1477 ἀπὸ
1319 1428 1493 1491 Φρυγός
1521 1434 1688 1487 (Arnob.
1718 1445 1756 1487 p.
1786 1434 1882 1474 253.
1912 1439 2001 1486 cap.
2039 1437 2102 1476 8.:
2131 1433 2439 1486 Magna'mater
2466 1436 2596 1475 accita
2624 1445 2675 1477 ex
2745 1488 2751 1489 ἶ

234 1500 265 1540 Ρ
277 1501 459 1553 hrygio
489 1502 520 1544 P
532 1515 554 1543 e
565 1514 585 1543 s
598 1505 680 1544 3111
691 1514 715 1543 u
727 1503 876 1556 nte“),
905 1504 956 1546 de
984 1515 1061 1556 quo
1090 1505 1375 1556 explicavimus
1405 1495 1588 1554 Symbol.=
1611 1503 1720 1544 Critt.
1750 1504 1791 1544 in
1818 1502 1937 1544 Antii.
1968 1502 2106 1546 Graec.
2135 1499 2209 1547 vll.
2240 1515 2277 1557 p.
2312 1505 2377 1546 17.
2416 1506 2458 1546 et
2495 1502 2674 1545 Varro·
2733 1557 2737 1562 1

234 1570 315 1612 1113
345 1570 393 1611 de
422 1570 463 1613 L.
494 1571 535 1613 L.
566 1571 609 1613 V.
640 1583 678 1624 p.
708 1572 800 1613 55.:
831 1572 1048 1624 Megalesia
1076 1571 1183 1615 dicta
1211 1582 1236 1614 a
1266 1573 1443 1626 Graecis,
1473 1572 1578 1625 quod
1607 1582 1658 1613 ex
1685 1570 1797 1612 libris
1837 1571 2039 1621 Sibyllinis
2080 1574 2281 1614 arcessita
2318 1572 2369 1614 ab
2408 1572 2539 1614 Attalo
2576 1583 2702 1624 rege⁴
2758 1607 2763 1609 ,

230 1636 415 1688 Pergami
442 1649 566 1692 prope
594 1649 750 1681 murum
777 1640 1035 1693 Megalesion,
1065 1641 1133 1681 ubi
1160 1642 1350 1692 templum
1379 1642 1611 1695 0311311030,
1640 1641 1743 1681 unde
1773 1640 1938 1681 advecta
1967 1641 2175 1682 Romarn.“
2234 1640 2343 1689 Quae
2376 1641 2498 1683 verba
2536 1643 2576 1682 in
2605 1652 2673 1684 co·

236 1705 391 1748 dicibus
421 1709 481 1749 sic
510 1710 767 1760 consignata:
797 1708 1031 1761 Pergama
1062 1709 1172 1762 (cod.
1201 1709 1243 1751 B.
1273 1709 1421 1763 Speng.
1441 1720 1489 1762 .p.
1533 1709 1626 1750 197.
1665 1707 1906 1761 Pergami)
1942 1708 2016 1750 ibi
2044 1708 2154 1761 (ubi
2177 1708 2321 1751 Paris.
2359 1709 2418 1762 1.)
2455 1719 2578 1762 prope
2618 1732 2672 1738 —

232 1773 475 1828 Megalesion
504 1777 813 1829 (Megalesium
842 1778 928 1820 cod.
958 1778 1021 1832 B.)
1052 1779 1101 1819 in
1131 1778 1238 1831 (ubi
1277 1778 1363 1821 cod.
1403 1778 1467 1830 B.)
1505 1777 1728 1830 templum
1766 1776 1979 1828 (templis
2019 1777 2150 1819 Paris.
2191 1779 2268 1832 2.),
2308 1789 2352 1833 a*
2372 1779 2586 1830 Spengelio
2627 1782 2670 1820 et

229 1844 414 1887 Muellero
444 1840 696 1899 nequaquam
724 1848 924 1900 restituta,
945 1857 1110 1899 quorum
1129 1847 1194 1889 ille
1214 1858 1252 1900 p.
1287 1849 1399 1889 197.;
1426 1847 1520 1893 fort.
1550 1847 1600 1887 in
1628 1845 1875 1897 delendum“,
1904 1845 1971 1887 hic
2001 1857 2040 1898 p.
2071 1849 2143 1888 79.
2169 1848 2227 1888 ita
2252 1847 2469 1889 defunctus
2499 1850 2563 1889 est
2600 1858 2671 1889 ne·

230 1914 361 1964 gotio:
391 1904 606 1969 Πέργαμα
635 1915 875 1957 Graecorum
902 1915 1069 1957 Romani
1096 1918 1299 1957 mutarunt
1326 1917 1368 1958 in
1397 1915 1646 1979 pergamam,
1674 1917 1721 1954 ut
1747 1924 1870 1976 saepe
1898 1914 2064 1956 factum.
2100 1915 2348 1967 Megalesion
2385 1927 2538 1957 murum
2575 1914 2671 1957 Pe'r·

233 1982 362 2032 gamis
391 1980 537 2035 1111330,
565 1993 645 2024 11011
673 1983 836 2036 Romae,
864 1983 947 2025 noli
975 1983 1171 2025 dubitare.
1228 1983 1481 2025 Pessinuntis
1510 1984 1672 2035 mentio,
1702 1993 1819 2034 quam
1850 1981 2016 2024 Varroni
2057 1982 2233 2025 obtrudit
2273 1985 2466 2037 Scaliger,
2495 1984 2545 2025 ab
2574 1984 2615 2025 11.
2644 1984 2669 2025 1.

233 2049 363 2093 aliena
392 2061 485 2092 esse
513 2051 711 2106 videtur“,
740 2051 850 2094 subit
878 2053 938 2094 sic
964 2053 1271 2094 reconcinnare:
1300 2052 1515 2104 Megalesia
1543 2052 1650 2093 dicta
1676 2072 1747 2101 .-,
1777 2050 1881 2102 quod
1921 2050 2114 2092 ex.libris
2146 2052 2348 2102 Sibyllinis
2389 2046 2587 2094 arcessita
2615 2052 2669 2094 ab
2760 2072 2763 2075 <

232 2118 363 2161 Attalo
391 2130 489 2172 rege
508 2120 695 2173 Pergami
724 2120 925 2170 Cybebe
954 2120 1053 2173 (vid.
1083 2131 1191 2173 supr.
1220 2120 1273 2162 111.
1301 2121 1474 2174 p..15.)‚
1503 2123 1718 2172 propter
1745 2122 1997 2161 metroum
2025 2120 2349 2172 Magalesion
2379 2120 2571 2172 (Lobeck.
2591 2120 2669 2163 Pa·

230 2188 327 2231 thol.
356 2187 426 2231 lX.
456 2190 498 2243 2,
528 2191 566 2231 3.
597 2201 635 2242 p.
666 2191 761 2231 427.
791 2188 995 2245 μητρῷον
1023 2183 1235 2244 Μεγάλης
1262 2188 1376 2232 θεοῦ
1406 2188 1512 2231 conf.
1542 2180 1684 2231 Moser.
1714 2189 1753 2229 in
1783 2187 1911 2230 Nonn.
1941 2188 2002 2231 lX.
2038 2191 2131 2231 147.
2161 2201 2200 2243 p.
2221 2190 2315 2232 230.
2331 2189 2491 2231 Eckbel.
2531 2188 2666 2231 Doctr.

229 2256 379 2301 Numm.
408 2258 447 2301 ll.
477 2260 515 2311 p.
547 2258 665 2313 422.)
696 2259 807 2301 sive
836 2257 1024 2311 templum
1052 2258 1141 2311 ejus
1170 2256 1313 2300 deae.“
1369 2256 1514 2299 Verum
1552 2258 1732 2309 quamvis
1772 2258 2013 2299 succedente
2043 2259 2135 2300 stilo
2165 2262 2277 2300 vetor
2313 2259 2469 2309 longius
2509 2260 2551 2299 in
2589 2258 2668 2300 hac

222 2328 336 2405 parte
375 2328 605 2405 exspatiari.

1217 2418 1456 2486 caput
1489 2417 1677 2474 xll.
1738 2449 1744 2455 =

189 2537 195 2544 ⁸
224 2541 390 2582 punctae
419 2525 596 2606 Ἑρμῆς,
624 2529 839 2590 Δημήτηρ,
863 2534 1072 2585 Παίγνια,
1103 2528 1312 2588 Τήλεφος.
1342 2526 1450 2587 ’Ἀορ
1470 2541 1585 2577 hasta.
1635 2542 1895 2588 Arganthus
1927 2554 1986 2578 mo
1989 2555 2049 2585 ns,
2075 2527 2361 2589 Ἀργανθωνη
2393 2543 2533 2580 fluvius
2565 2543 2665 2586 Quid

356 2601 404 2636 sit
426 2585 519 2632 ἀπὸ
551 2589 766 2647 ἱστορίας,
782 2586 1106 2647 παραδόσεως.
1166 2599 1425 2647 Gargaphie
1449 2598 1507 2635 vel
1532 2598 1763 2646 Argapbie
1787 2600 1921 2647 (Erga
1935 2599 2020 2648 pbie
2021 2602 2035 2644 )
2060 2599 2153 2637 fons.

429 2717 648 2770 Postquam
692 2716 890 2769 Propertii
932 2716 981 2758 de
1019 2716 1201 2760 Philetae
1239 2711 1481 2760 carminibus
1510 2717 1741 2772 testimonia
1771 2717 2084 2758 examinavimus
2100 2747 2112 2769 ,
2140 2715 2233 2757 licet
2270 2715 2318 2756 de
2357 2715 2536 2768 reliquiis
2574 2719 2666 2771 ejus

223 2778 367 2842 poetae
396 2786 707 2839 aliqua'cursim
736 2785 867 2827 dicere
897 2786 962 2839 iis,
992 2796 1094 2838 quae
1124 2796 1247 2838 supra
1273 2785 1545 2837 exposuimus,
1574 2786 1792 2828 maximam
1820 2792 1975 2838 partem
2003 2785 2261 2837 praemunita.
2311 2784 2360 2824 Et
2388 2787 2558 2835 primum
2577 2789 2666 2839 qui-

225 2844 313 2900 dem
341 2851 409 2899 illa
437 2854 495 2898 de
524 2854 778 2898 Mercurio
808 2856 989 2908 quaestio
1028 2855 1202 2898 nondum
1239 2855 1341 2896 satis
1381 2856 1445 2895 est
1482 2852 1694 2906 explicata.
1755 2854 1877 2907 Cujus
1918 2854 2105 2916 carminis
2114 2888 2124 2899 ,
2142 2855 2418 2904 argumentum
2457 2854 2507 2896 ad
2536 2855 2664 2898 Ulixis
2748 2850 2752 2859 ²

223 2936 380 2969 errores
410 2925 652 2977 pertinuisse
681 2924 855 2966 Baebius
884 2936 921 2977 p.
953 2925 1020 2966 32.
1050 2925 1269 2966 Meinekius
1298 2923 1409 2979 Anal.
1440 2923 1550 2964 Alex.
1579 2923 1768 2975 Epimetr.
1808 2924 1846 2965 ll.
1876 2936 1914 2976 p.
1958 2925 2052 2965 351.
2092 2921 2290 2964 Prellerus
2329 2920 2462 2964 Doctr.
2501 2923 2663 2975 Encycl.
2746 2966 2749 2969 ,

222 2994 308 3037 Hal.
337 2994 389 3037 111.
418 2994 486 3034 22.
515 3003 554 3045 p.
584 2992 681 3033 296.
711 2994 941 3045 conjectura
970 3004 1021 3035 ex
1049 2993 1255 3035 Parthenii
1281 2993 1387 3033 Erot.
1419 2993 1548 3043 capite
1578 2992 1604 3033 2
1636 2996 1755 3045 capta
1778 2993 2019 3045 judicarunt,
2049 2994 2092 3032 ut
2121 2993 2255 3033 tamen
2294 2991 2417 3044 „quid
2455 2992 2571 3035 titulo
2601 2995 2663 3036 in·

220 3064 354 3106 dicare
382 3062 559 3113 voluerit
578 3064 698 3114 poeta
726 3072 806 3103 non
834 3061 1016 3114 1111111110ιι
1045 3062 1277 3104 faterentur.
1335 3062 1422 3102 Jam
1451 3062 1732 3114 contemplatio
1754 3063 1952 3103 nominum
1982 3060 2153 3101 illorum:
2185 3052 2371 3115 ἀφίκετο
2399 3059 2462 3107 εἰς
2493 3059 2552 3102 M
2559 3053 2666 3103 elc-

220 3129 461 3184 γουνίδα
491 3130 629 3185 νῆσον
658 3153 711 3160 —-
742 3126 1042 3193 IloJ'tvaiq
1070 3130 1163 3172 τῶν
1190 3127 1414 3172 Αἰολίδων
1433 3143 1501 3177 τις
1530 3141 1567 3182 p.
1599 3131 1696 3185 299,
1718 3132 1783 3172 24.
1808 3133 1903 3182 300,
1935 3132 1971 3170 6.
1992 3129 2105 3170 Mein.
2137 3129 2242 3171 conf.
2273 3129 2409 3171 Schol.
2430 3129 2663 3174 callimach.

220 3198 331 3242 Dian.
360 3201 427 3241 48.
457 3210 494 3252 p.
526 3200 594 3240 58.
624 3201 664 3240 et
694 3201 761 3252 qui
790 3197 1060 3250 Μελιγοὺνίς
1088 3201 1231 3240 nomen
1260 3198 1462 3251 (Boc-hart.
1494 3198 1618 3240 Chan.
1649 3199 1675 3239 1.
1707 3200 1773 3239 27.
1804 3210 1840 3250 p.
1872 3200 1965 3238 571.
2007 3197 2094 3237 add.
2135 3197 2248 3238 Phal.
2289 3198 2317 3238 1.
2357 3198 2396 3239 2.
2426 3209 2465 3251 p.
2499 3201 2564 3241 13.
2595 3200 2664 3254 A.)

219 3280 244 3310 a
271 3267 400 3312 mellis
429 3271 623 3320 proventu
650 3267 801 3310 factum
830 3280 923 3311 esse
953 3270 1078 3322 ajunt,
1107 3267 1293 3312 Hatduin.
1323 3268 1365 3309 in
1394 3267 1494 3309 Plin.
1524 3267 1611 3309 Nat.
1643 3267 1743 3309 Hist.
1776 3266 1829 3308 111.
1864 3267 1928 3307 14.
1958 3276 1995 3317 p.
2028 3267 2124 3307 657.
2160 3268 2201 3308 et
2230 3265 2447 3319 Spanhem.
2476 3268 2518 3310 in
2547 3267 2663 3311 calli-

200 3336 345 3381 mach.
373 3335 398 3377 l.
427 3335 466 3377 d.
496 3346 533 3388 p.
558 3338 661 3379 163.
692 3359 745 3366 ——
776 3347 869 3379 nam
896 3339 1106 3390 praetereo
1136 3335 1436 3390 Dalecampium
1464 3337 1647 3389 Liparam
1675 3336 1847 3377 insulam
1880 3332 2170 3398 Μιμογονίὁα
2198 3338 2364 3388 propter
2402 3339 2534 3378 ovium
2568 3326 2662 3389 pro-

215 3410 376 3451 ventum
417 3405 565 3447 dictam
598 3409 946 3448 esseratum—
985 3407 1177 3448 animum.
1197 3409 1377 3461 nostrum
1416 3394 1603 3459 inclinat,
1641 3408 1684 3446 ut
1723 3413 1839 3456 quam
1880 3403 1928 3444 de
1967 3402 2171 3453 Polmela
2209 3403 2382 3458 prodidit
2418 3403 2662 3450 Parthenius
2742 3456 2749 3462 ,
