2812 3748
1235 247 1572 298 ...11-

189 412 324 461 ἄλλου
352 409 489 462 τινός.
548 411 593 454 111
620 413 710 467 ipsa
737 409 859 461 igitur
886 405 1071 459 Eurypyli
1098 406 1196 447 urbe
1228 404 1427 448 Philetam
1456 409 1592 448 natum
1620 404 1751 447 fuisse
1778 413 1870 446 eum
1900 412 1951 445 ex
1978 394 2084 444 allis
2102 403 2231 456 locis,
2273 406 2318 444 ut
2356 402 2475 445 Strab
2505 398 2620 445 va.
2678 436 2680 438 .

187 500 222 540 p.
253 486 346 527 657.
379 472 702 536 ΐΙπποὲρᾶτης
728 478 799 529 τε)
831 468 885 528 δή
914 469 1028 515 ἐστι
1037 472 1130 515 τῶν
1157 468 1349 524 ἐνδόξων
1376 471 1509 522 Κῶος
1536 467 1650 529 ἇνῆρ
1680 492 1735 504 --—
1768 470 1964 526 Φιλητᾶς
1991 484 2057 512 τε
2068 465 2305 526 ποιητής),
2332 474 2415 513 tum
2443 471 2536 513 inde
2565 473 2627 513 in-

188 553 400 604 telligitur,
441 549 545 602 quod
583 547 712 589 cives
732 546 907 585 statuam
946 544 1033 594 ejus
1073 541 1373 583 dedicaverunt
1390 543 1638 585 Hermesian.
1665 552 1703 583 v.
1732 543 1800 583 75.
1862 536 2022 582 Οἶσθα
2054 530 2104 580 δὲ
2131 541 2207 580 καὶ
2234 535 2317 581 τὸν
2345 532 2532 591 ἀοιδὸν,
2571 534 2629 581 ον’

189 612 529 676 Εὗρυπόλου
567 611 842 667 πολιῆται
882 608 1033 652 Κῶοι
1069 608 1274 660 χαλκεῖον
1299 610 1448 665 θῆκαν
1475 611 1582 655 conf.
1611 610 1843 661 nertzberg.
1872 611 1915 650 in
1940 608 2059 662 Prop.
2087 607 2141 650 iil.
2175 610 2211 650 1.
2240 618 2279 661 p.
2309 609 2406 651 243.
2461 608 2641 668 Patri-52

194 693 328 730 autem
359 686 478 728 simul
506 688 547 726 et
573 680 758 733 Eurypyli
786 679 937 731 gloriae
964 682 1085 730 poeta
1113 679 1311 720 consuluit
1338 681 1508 722 maxime
1537 691 1586 722 eo
1616 680 1791 721 carmine
1808 704 1821 729 ,
1865 677 1970 729 quod
2005 677 2163 725 Cereris
2198 678 2359 718 nomine
2391 664 2630 729 inscriptum

192 758 282 800 mit.
341 755 399 797 De
427 755 542 809 cujus
571 750 760 793 carminis
790 748 1021 800 argumento
1050 747 1207 800 planius
1234 748 1468 802 meliusque,
1498 758 1617 802 quam
1645 758 1697 789 ex
1725 746 1890 789 Stobaei
1915 746 2169 799 testimoniiS,
2196 746 2344 799 quibus
2373 745 2472 788 solis
2500 745 2629 788 inten-

193 826 291 867 dens
320 824 524 866 Prellerus
554 807 675 860 etiam
703 817 729 858 l.
759 816 798 859 d.
823 827 864 868 p.
896 817 992 857 295.
1020 816 1058 857 b.
1089 816 1194 857 conf.
1223 816 1463 867 Bernhardy.
1495 817 1634 858 Graec.
1664 815 1755 858 tht.
1784 814 1885 855 Hist.
1915 824 1954 866 Ρ.
1970 815 2066 854 398.
2123 814 2280 864 Cereris
2309 814 2358 856 de
2377 818 2504 871 raptu
2531 814 2631 857 Pro-

197 896 383 946 serpinae
411 884 740 941 conquestionem
769 895 794 927 a
822 885 980 927 Phileta
1007 874 1268 938 compositam
1294 886 1425 927 fuisse
1469 887 1552 940 ait,
1596 886 1848 928 existimatur
1894 892 1946 925 ex
1992 883 2080 926 loco
2129 884 2380 927 scholiastae
2428 877 2633 926 Theocriti

192 963 219 1003 1
249 961 289 1002 d.
312 972 351 1012 Ρ,
380 959 490 1007 904.,
520 956 587 1005 qui
618 956 712 1005 quin
741 955 783 994 in
811 954 941 1004 ipsius
961 953 1142 994 Philetae
1171 955 1409 995 ‘auctoritate
1438 941 1651 995 delitescat
1679 952 1853 994 dubitari
1880 952 1947 991 vix
1970 954 2134 1003 potest:
2162 955 2268 1006 περὶ
2287 945 2631 1006 Εὗρυπύλου

195 1028 245 1072 δὲ
286 1028 359 1068 καὶ
402 1021 656 1069 Κλυτὶας
699 1017 1048 1077 ιστορεῖται,
1092 1015 1163 1063 ὅτι
1193 1011 1321 1063 οὗτοι
1348 1020 1464 1064 εἰσιν
1499 1018 1546 1063 οι
1573 1018 1650 1064 ἐπὶ
1678 1018 1756 1075 τῆς
1791 1010 2129 1075 “Ηρακλέοὐς
2172 1018 2511 1077 πολιορκίας
2551 1014 2636 1074 τῆν

195 1094 277 1138 Κῶ
319 1084 658 1145 κατοικήσαντες
699 1091 774 1129 καὶ
822 1080 1274 1144 ὑποδεδεγμένοι
1318 1086 1444 1144 τὴν
1464 1084 1790 1145 Δήμητραν,
1845 1080 1974 1128 καθ’
2025 1100 2089 1128 ον
2144 1084 2347 1143 καιρὸν
2403 1082 2635 1148 περιῄει
2671 1118 2677 1130 .

196 1161 446 1217 ζητοῦσα
487 1154 588 1213 τὴν
629 1151 811 1212 κόρην.
869 1158 930 1200 Ad
972 1168 1090 1210 quam
1129 1158 1299 1201 eandem
1342 1158 1511 1200 Coorum
1552 1159 1778 1201 hominum
1793 1156 1845 1198 de
1883 1156 2041 1198 Cereris
2080 1155 2253 1198 adventu
2289 1155 2438 1199 famam
2476 1158 2638 1210 spectat

197 1239 408 1281 nummus,
453 1227 501 1268 de
543 1237 621 1279 quo
661 1226 928 1278 spanhemius
966 1228 1007 1268 in
1036 1227 1184 1268 Callim.
1216 1226 1302 1268 Cer.
1332 1229 1370 1268 9.
1398 1237 1437 1279 p.
1468 1228 1678 1274 6671111
1717 1236 1767 1268 eo
1795 1235 1954 1267 nummo
1981 1225 2076 1267 hinc
2105 1229 2226 1279 caput
2252 1225 2494 1268 Treboniam
2520 1223 2670 1280 6111Ιῇ

197 1298 306 1341 illinc
349 1298 488 1349 raptus
532 1294 800 1348 Proserpinae
841 1295 959 1336 solito
994 1294 1114 1348 hujus
1142 1297 1203 1336 rei
1229 1296 1270 1336 in
1298 1295 1349 1335 iis
1378 1297 1494 1348 typo,
1533 1304 1558 1336 a
1585 1294 1754 1337 Plutone
1784 1294 1989 1347 quadrigis
2017 1297 2180 1347 vectae,
2218 1303 2309 1335 cum
2335 1296 2456 1336 inser.
2477 1286 2639 1351 Ἑρμο-

198 1365 431 1407 πολειτων.
493 1363 617 1412 Quum
652 1367 783 1405 autem
823 1375 848 1404 a
877 1364 1081 1416 Stephano
1110 1366 1216 1406 inter
1242 1366 1376 1405 varias
1408 1364 1528 1405 urbes
1558 1360 1844 1416 Hermopoleos
1874 1365 2033 1405 nomine
2061 1363 2212 1405 dictas*
2238 1386 2293 1393 —
2337 1373 2419 1405 una
2445 1365 2569 1404 etiam·
2592 1363 2640 1404 in

200 1436 254 1476 Co
283 1433 413 1475 insula
442 1435 642 1473 statuatur
672 1432 729 1485 [p.
760 1432 858 1484 123,
888 1434 927 1472 8.
950 1423 1249 1486 Ἕρμούπολις
1278 1454 1332 1463 -
1362 1429 1413 1473 ἐν
1440 1429 1520 1488 Κῷ
1548 1432 1605 1492 τῇ
1634 1427 1791 1487 νήσῳ],
1825 1431 1876 1473 ad
1903 1441 1994 1472 eam
2018 1431 2128 1473 idem
2152 1442 2339 1473 nummus
2371 1433 2506 1484 potest
2531 1428 2642 1472 haud

199 1500 447 1544 incommode
486 1499 671 1552 referri,“
711 1510 829 1551 quam
868 1500 1143 1551 suspicionem
1166 1498 1418 1542 scholiastae
1447 1498 1650 1542 Theocriti
1687 1499 1712 1541 l.
1743 1499 1779 1541 d.
1807 1500 2038 1542 testimonio
2065 1499 2224 1542 firmare
2252 1496 2432 1550 neglexit
2459 1496 2641 1551 spanhe-

201 1572 306 1612 mius
322 1600 334 1622 ,
378 1567 593 1609 Eckhelius
630 1559 762 1608 autem
790 1567 922 1609 Doctr.
953 1568 1103 1609 Numm.
1132 1565 1195 1609 111.
1226 1579 1264 1620 p.
1297 1568 1403 1609 102.ι
1420 1578 1470 1609 ne
1499 1569 1640 1620 paucis
1671 1567 1839 1620 quIdem’
1858 1568 2004 1618 attigit.
2062 1567 2289 1625 Eodemque
2318 1570 2477 1620 spectat
2503 1570 2546 1608 et
2573 1565 2643 1608 illa

208 1637 398 1687 Hesychii
427 1637 598 1688 mentio,
645 1646 763 1687 quam
792 1646 914 1688 supra
940 1647 979 1688 p.
1009 1639 1048 1677 9.
1088 1632 1485 1688 perstrinximuS,'et
1512 1636 1580 1677 illa
1609 1647 1699 1689 res,
1729 1636 1835 1688 quod
1862 1646 1983 1687 quum
2010 1635 2205 1677 Nebridas
2234 1638 2275 1677 in
2304 1636 2359 1677 Co
2388 1636 2519 1677 ruisse
2546 1645 2643 1677 con·

206 1708 299 1758 stet,
328 1703 526 1744 Arnobius
557 1703 698 1745 scribIt
727 1704 969 1744 Cererem
1007 1705 1057 1744 in
1086 1703 1237 1744 filiae
1271 1705 1665 1756 conquisitione
1694 1703 1918 1756 fessam,
1948 1713 2041 1744 oras
2070 1707 2115 1744 ut
2141 1705 2295 1745 venei-It
2322 1704 2384 1744 ad
2412 1704 2656 1756 Atticas,

204 1776 455 1815 triticeas
500 1773 758 1813 attulisse
804 1773 991 1823 fruges
1036 1776 1077 1813 et
1120 1771 1459 1847 Nebridarum
1501 1772 1757 1813 familiam
1794 1772 1978 1824 pellicula
2004 1772 2193 1814 hinnulae
2221 1768 2533 1814 cohonestasse.
2565 1767 2645 1814 vid.

205 1842 399 1884 Holsten.
412 1842 453 1881 in
483 1840 622 1893 Steph.
652 1840 743 1890 Byz.
774 1852 811 1893 p.
846 1842 939 1881 184.
970 1850 1006 1881 a.
2602 1856 2615 1863 ·

411 1908 521 1957 Quod
538 1911 690 1961 restat,
734 1908 984 1959 Eurypyli
1027 1910 1332 1958 cognomine
1378 1908 1525 1950 Coam
1568 1909 1840 1961 civitatem
1884 1918 1972 1949 cmn
2002 1908 2052 1949 ab
2083 1908 2175 1950 aliis
2202 1910 2334 1961 poetis
2363 1912 2447 1950 tum
2475 1908 2645 1961 abipso

206 1978 484 2031 Propertio
531 1978 689 2018 censeri
727 1977 885 2018 solitam
922 1975 1052 2018 fuisse
1091 1976 1341 2018 efficiendum
1380 1979 1443 2017 est
1472 1977 1668 2042 singulari
1697 1977 1745 2017 de
1780 1976 1880 2028 eleg.
1911 1976 1972 2018 IV.
2004 1978 2045 2031 5,
2075 1977 2143 2018 23.
2176 1979 2423 2029 quaestione.
2482 1974 2650 2029 Legitur·

209 2051 343 2089 autem
371 2048 407 2088 is
436 2046 549 2087 locus
578 2047 662 2086 lta:

704 2108 707 2109 ⁷
754 2113 1015 2165 Eurypylique
1045 2113 1178 2165 placet
1207 2112 1309 2155 Coae
1339 2116 1498 2154 textura
1526 2112 1738 2154 Minervae.

206 2185 252 2226 In
281 2194 358 2236 quo
386 2182 620 2235 explicando
650 2184 833 2222 versatus
863 2180 1147 2232 Hertzbergius
1176 2184 1334 2233 praeter
1363 2171 1689 2223 consuetudinem
1716 2191 1857 2233 parum
1886 2182 2091 2223 satisfecit
2124 2170 2295 2223 caussae
2325 2184 2367 2223 et
2394 2182 2529 2224 officio
2558 2192 2647 2224 suo
2664 2208 2670 2215 =

210 2251 320 2301 Quod
348 2252 453 2292 enim
476 2252 607 2303 primo
636 2250 874 2302 pronunciat
901 2260 938 2301 Ρ.
968 2251 1092 2291 448.:
1134 2249 1268 2291 Heius.
1314 2249 1586 2301 Eurypylis
1595 2260 1725 2302 que
1757 2243 1912 2292 scilicet
1940 2254 1985 2292 ut
2013 2253 2126 2292 esset
2164 2250 2453 2303 Eurypylea
2491 2251 2651 2293 textura

211 2319 394 2373 [Advers.
424 2319 452 2360 Ι.
483 2320 521 2360 2.
550 2330 603 2371 Ρ.
623 2321 686 2360 19.
717 2321 758 2359 ει
784 2317 887 2360 Nott.
918 2320 959 2359 in
987 2318 1105 2370 Prop.
1133 2329 1171 2370 p.
1202 2319 1320 2370 748.,
1358 2317 1426 2358 ubi
1455 2317 1559 2370 quod
1588 2318 1765 2359 additum
1793 2321 1887 2362 est:
1932 2319 2013 2360 vel
2056 2318 2376 2372 Eurypylia,
2396 2319 2460 2361 id
2488 2322 2574 2373 est,
2603 2322 2673 2362 ut‘

210 2399 286 2439 ego
330 2388 527 2441 arbitror,
571 2387 737 2439 Euryp
750 2387 859 2436 ylla
899 2388 1096 2439 placet,
1140 2387 1179 2427 id
1220 2397 1358 2428 omnes
1393 2387 1550 2427 silentio
1580 2380 1906 2440 praeterierunt}
1968 2387 2047 2428 Sed
2077 2389 2166 2439 quis
2195 2398 2380 2440 umquam
2410 2388 2651 2441 Eurypylum

101 2477 121 2487 ν
212 2465 352 2507 regem
380 2466 510 2507 pensa
537 2456 689 2498 fecisse
719 2455 949 2497 exaudivit?
1005 2455 1084 2497 Nec
1113 2457 1247 2495 tamen
1276 2454 1505 2507 defuerunt,
1546 2454 1690 2507 quibus
1730 2455 1796 2497 ille
1823 2457 1958 2497 textor
1984 2456 2163 2508 placeret
2192 2444 2332 2509 [veluti
2358 2455 2584 2500 Burmanno
2603 2453 2652 2510 p.

215 2525 314 2565 793.
345 2534 402 2564 ac.
421 2524 657 2579 Ruhnkenio
687 2523 812 2575 Epist.
846 2520 937 2564 Crit.
967 2523 1024 2581 ΙΙ,
1043 2534 1080 2575 p.
1111 2522 1271 2575 296.],44
1309 2522 1349 2562 id
1376 2532 1567 2573 perquam
1591 2523 1736 2564 leviter
1763 2527 1804 2565 et
1830 2518 1990 2565 incaute
2017 2526 2322 2575 pronunciatum
2347 2530 2424 2567 est.
2480 2525 2654 2567 Evidens

213 2596 279 2633 est
306 2594 412 2633 enim
441 2592 491 2632 ab
521 2602 593 2644 eo,
624 2593 691 2643 qui
718 2592 980 2643 Eurypyleam
1007 2594 1205 2631 texturam
1233 2594 1463 2647 memorat,
1478 2601 1558 2652 non
1586 2594 1718 2645 magis
1748 2592 1986 2643 Eurypylum
2016 2591 2093 2632 dici
2121 2594 2340 2645 textorem,
2380 2603 2498 2644 quam
2524 2586 2654 2635 infec-

213 2652 340 2703 torem
369 2661 594 2716 Agenorem
622 2671 760 2712 regem
789 2671 813 2702 a
842 2659 938 2702 Silio
967 2659 1108 2702 Jtalico
1138 2659 1213 2701 VIl.
1234 2659 1317 2701 642
1334 2670 1353 2699 z·
1373 2656 1554 2711 Purpura
1574 2659 1874 2711 ¹Agenoreis
1904 2664 2086 2702 saturata
2114 2660 2466 2703 micabat‘aenis
2497 2661 2557 2714 (ld
2588 2665 2655 2705 est

215 2729 455 2771 Sidoniis
500 2720 795 2771 cadis'Stat.
840 2727 1099 2781 Silv.111.2,
1131 2728 1245 2781 140.)
1289 2729 1331 2768 ει
1375 2725 1627 2769 ΜιιιιίοΙεΧ.
1662 2731 1727 2783 16,
1758 2731 1825 2772 7.:
1871 2728 2065 2782 Quidquid
2107 2730 2377 2781 Agenoreo
2417 2730 2657 2786 Tyrosmim-

216 2797 343 2848 proba
371 2799 518 2848 cog-it
548 2798 716 2839 aheno
747 2798 872 2850 (quod
901 2797 1114 2849 explicavit
1141 2786 1387 2837 Burmannus
1416 2798 1467 2836 in·
1486 2795 1595 2837 Ovid.
1616 2797 1707 2838 Her.-
1728 2797 1792 2838 XI.
1824 2799 1893 2850 28,
1923 2809 1960 2849 Ρ.
1987 2799 2102 2850 149.)
2132 2799 2194 2839 vel
2224 2798 2412 2839 Oebalum
2442 2794 2656 2844 abstutio'

218 2864 312 2906 Silv.
343 2865 371 2905 Ι.
402 2865 442 2916 2,
477 2868 596 2908 150.:
626 2877 826 2919 rupesque
854 2869 1003 2919 nitent,
1034 2868 1122 2918 quis
1151 2874 1382 2917 purpura
1420 2874 1543 2916 saepe
1573 2864 1787 2907 Oebalis
1816 2869 1857 2906 et
1886 2866 1995 2915 Tyrii
2023 2867 2249 2908 moderator
2275 2866 2372 2907 livet
2400 2869 2556 2910 aeni“
2586 2872 2674 2912 a'ut1

217 2925 425 2973 textrioem
453 2932 754 2976 Semiramidem
782 2934 834 2977 ab
862 2934 1062 2988 Martiale,
1099 2935 1169 2987 qui
1195 2932 1446 2987 „Babylonos
1474 2933 1585 2985 picta
1613 2933 1813 2986 superbae
1852 2933 2042 2988 Texta,
2074 2934 2379 2976 Semiramia
2418 2930 2520 2989 quae
2551 2935 2656 2981 variss

218 3003 337 3041 anun·
365 3001 500 3040 acu‘⁶
529 3002 735 3053 praedicat
762 3002 1038 3056 VIII.28,17.
1096 3002 1229 3054 Neque
1258 3001 1336 3042 ullo
1364 3000 1481 3053 pacto
1509 3000 1672 3052 probari
1699 3004 1848 3055 potest,
1879 3012 1982 3053 quae
2011 3002 2195 3055 subjecta
2224 3007 2287 3043 est
2316 3003 2367 3044 ab
2394 2998 2683 3059 Hertzbergio

219 3066 434 3119 disputatio
455 3068 640 3112 haecce:
686 3071 799 3112 Haud
826 3068 944 3123 paulo
978 3073 1127 3113 rectius
1157 3069 1368 3112 Jacobsius
1396 3069 1527 3111 Floril.
1556 3081 1594 3121 p.
1625 3071 1722 3112 237.
1767 3072 1932 3122 Euryp
1944 3071 2016 3119 y11
2059 3072 2287 3113 Minerva
2331 3075 2549 3125 conjungit.
2607 3077 2660 3118 At

220 3137 378 3190 verius,
418 3138 458 3177 ni
485 3137 626 3192 fallor,
657 3136 703 3180 et
731 3141 862 3191 magis
888 3139 1214 3192 Propertianum,
1253 3139 1290 3180 si
1319 3138 1535 3189 genitivum
1562 3148 1614 3179 ex
1641 3141 1802 3195 nomine
1840 3138 2011 3181 insulae·
2024 3139 2262 3192 pendentem
2291 3141 2445 3195 faciaS,
2485 3144 2589 3195 quod
2609 3142 2677 3198 111

221 3202 417 3252 adjectivo
462 3204 592 3245 Coae
636 3206 735 3247 latet
773 3197 1673 3264 εἰ.εο111111.1111“Ε1.ΙΙΙ.22,15.,44111111111
1701 3209 1944 3248 sententiam
1973 3207 2024 3247 ab
2053 3207 2309 3252 Lachmanno
2338 3211 2380 3250 in
2408 3211 2509 3262 eleg.
2540 3208 2584 3252 V.
2605 3210 2658 3268 ἲ,

224 3272 320 3312 103.
349 3283 388 3323 Ρ.
414 3273 509 3314 342.
539 3277 703 3316 auctore
731 3276 847 3318 video
873 3259 1133 3329 repetendam
1160 3286 1266 3317 esse.
1323 3275 1466 3316 Errare
1494 3286 1590 3317 vero
1618 3275 1918 3333 Lachmannum
1944 3278 2201 3329 perspicuum
2229 3279 2320 3320 inde
2349 3279 2408 3332 iit,
2437 3281 2542 3332 quod
2568 3278 2663 3325 euin

222 3331 355 3393 ipsum
380 3339 524 3395 locum,
553 3342 619 3385 cui
647 3342 859 3396 plurimum
887 3343 1027 3393 tribuIt
1053 3342 1335 3397 Hertzbergius
1366 3342 1512 3386 Gomm.
1542 3354 1581 3397 p.
1602 3344 1698 3387 379.
1729 3347 1770 3387 ει
1797 3344 1860 3388 IV.
1894 3347 1930 3399 1,
1964 3345 2057 3388 103.
2086 3356 2125 3399 Ρ.
2147 3347 2258 3401 412.
2286 3347 2460 3400 positum
2488 3349 2531 3391 in
2549 3348 2661 3405 Eleg.
2678 3370 2681 3372 ψ

225 3409 289 3450 III.
309 3408 378 3461 22,
402 3411 489 3451 15.:
514 3410 565 3450 Et
583 3413 650 3463 si,
647 3421 737 3463 qua
757 3412 944 3465 Ortygiae
963 3413 1138 3455 visenda
1158 3416 1224 3454 est
1249 3422 1322 3457 ora
1342 3413 1526 3462 Caystri‘
1545 3423 1626 3454 non
1645 3413 1765 3455 dubie
1785 3416 1954 3465 emergit
1979 3416 2199 3466 antiquitus
2220 3418 2279 3457 sic
2300 3418 2493 3468 scriptum
2512 3412 2675 3465 fuisse:
