2812 3748
1095 340 1434 389 -56-

31 496 175 541 Crines
205 498 270 539 cui
297 496 440 541 rutilos
470 498 620 550 spicea
635 498 786 538 serta
814 496 1093 550 1133144331
1121 497 1228 550 quod
1257 497 1409 550 aliquot
1437 462 1597 541 3031333
1625 498 1766 549 tenent
1788 496 1987 551 (legat,
2012 488 2207 551 ligat),
2238 495 2289 539 ab
2318 496 2483 558 11313310
2564 538 2570 544 ,

32 569 76 611 in
105 566 350 609 Τ1131.1.3.
383 565 682 620 comprobatum
702 577 795 609 esse
823 559 988 618 ignorat
1014 567 1262 609 Burmannus
1292 579 1329 621 p.
1362 567 1458 609 365.
1503 564 1683 619 Denique
1712 559 1756 608 111
1783 557 2045 617 Martialis
2075 560 2371 621 Epigrammata
2389 566 2486 611 vm.

33 637 105 690 77,
135 637 184 677 4·
215 635 384 686 Assyrio
414 645 573 688 semper
602 634 677 675 tibi
706 636 828 676 crinis
860 644 1016 677 amomo
1048 635 1263 689 Splendeat
1292 638 1334 677 et
1356 637 1519 687 cingant
1546 634 1672 689 florea
1699 637 1811 677 serta
1827 634 1986 689 33113144
2024 626 2177 680 3031313
2213 635 2407 678 Puteanei
2448 639 2491 677 et

33 703 226 746 Vossiani
254 706 372 758 primi
401 704 632 750 auctoritati
661 714 686 745 a
714 704 940 745 Burmanno
981 706 1023 746 in
1061 704 1199 746 Seren.
1238 703 1264 746 l.
1305 704 1366 757 d.,
1405 706 1450 745 ut
1486 702 1665 756 videtur,
1704 713 1786 745 non
1806 703 2058 756 neglectae
2069 703 2147 746 hoc
2185 705 2280 746 dare
2315 687 2489 749 debebat

35 772 410 826 Schneidewinius,
448 771 493 813 ut
520 772 659 814 ederet
687 774 879 824 cingat.
911 772 1056 821 Omitto
1093 784 1187 815 vero
1217 772 1401 814 Martiani
1439 771 1626 825 Capellae
1667 782 1830 815 versum
1847 770 1893 815 '.1
1927 775 1963 815 1.
1990 785 2030 827 p.
2070 775 2131 816 5.
2163 773 2327 816 Comere
2355 773 2488 830 verui-

15 840 136 894 ‚teris
164 842 351 884 florentia
378 841 517 882 limina
545 842 668 882 sertis
672 839 699 862 44
736 838 802 882 1113
841 851 868 882 a
913 840 1068 894 Koppio
1106 853 1144 894 p.
1184 842 1224 882 6.
1271 840 1533 892 explicatum:
1562 840 1777 882 verniferis
1816 839 2072 895 adjectivum
2096 842 2161 882 est
2186 842 2338 933 pariter
2366 825 2484 895 atque

40 909 194 955 serta
222 914 264 952 et
290 910 591 952 substantivum
620 919 815 952 corona
843 910 1081 953 omissumf‘
1402 928 1410 936 *

1075 1046 1316 1114 caput
1339 1045 1448 1104 rX.

32 1159 135 1205 Quid
166 1162 214 1198 sit
246 1161 378 1209 piare
407 1159 523 1206 sidus,
555 1159 659 1205 iram,
684 1159 973 1207 domum-busta,
998 1158 1152 1196 delubra
1174 1170 1344 1206 arasque,
1368 1158 1499 1204 fontes,
1520 1158 1618 1207 jura.
1668 1159 1770 1197 Cum
1807 1159 1942 1196 Remo
1972 1158 2080 1208 ‘jura
2101 1159 2244 1205 *dedit
2279 1158 2493 1197 Romulus

128 1218 297 1266 Sibyllae
320 1229 502 1265 responso
515 1218 644 1265 jussus
668 1218 793 1254 frairIs
808 1228 935 1253 manes
953 1218 1111 1264 placare.
1154 1216 1293 1253 Eadem
1318 1229 1417 1262 casa,
1442 1217 1543 1262 urbs,
1568 1217 1676 1253 turba
1698 1216 1830 1261 modo
1854 1217 2033 1252 Romuli
2051 1217 2196 1261 dicitur,
2220 1215 2347 1262 modo
2368 1218 2494 1254 Remi

126 1278 184 1322 (nt
208 1275 304 1313 idem
329 1275 412 1312 1033
435 1287 533 1312 nunc
559 1275 744 1320 Pollucis,
776 1285 875 1312 33113
900 1274 1067 1312 Castoris
1092 1274 1176 1319 (11.).
1217 1274 1353 1312 Piare
1388 1270 1661 1321 nonnumquam
1687 1273 1802 1319 idem,
1827 1273 1928 1321 quod
1961 1275 2286 1312 con-taminare.
2335 1274 2494 1323 Magne

128 1334 376 1370 credebantur
395 1344 509 1381 posse
533 1333 767 1381 exstinguere
791 1332 928 1377 sidera,
952 1342 1067 1379 aquas
1090 1331 1310 1377 subducere,
1335 1332 1468 1369 herbas
1493 1333 1530 1368 in
1554 1331 1688 1369 fluvios
1712 1332 1929 1377 transferre,
1953 1332 2095 1369 diluere
2118 1339 2283 1374 montes..

240 1449 299 1494 De
329 1450 603 1505 Propertii
630 1461 752 1493 versu
782 1449 812 1495 1.
845 1451 884 1505 1,
913 1449 1011 1493 20.:
1040 1447 1121 1491 Vos
1150 1471 1206 1479 —
1237 1447 1381 1502 quibus
1412 1450 1477 1491 est

589 1519 704 1562 labor
731 1521 774 1560 in
802 1521 972 1569 magicis
1003 1528 1158 1559 sacra
1185 1519 1299 1570 piare
1326 1519 1441 1561 focis'

23 1584 276 1644 vexpediendi
302 1589 424 1644 hanc,
453 1592 498 1632 ut
526 1589 674 1631 dictum
702 1591 768 1630 est
794 1598 919 1640 supra
948 1598 1035 1639 cap.
1064 1586 1136 1628 Vll.
1165 1598 1206 1640 p.
1237 1588 1330 1639 44.,
1372 1584 1505 1628 habeo
1536 1596 1715 1641 causam,
1756 1587 2026 1641 quodfflousa
2056 1587 2216 1641 aliique,
2251 1597 2353 1640 quos
2380 1597 2488 1635 com·

20 1659 258 1708 memoravi
285 1657 399 1711 Valg.
429 1668 469 1710 p.
498 1658 595 1700 256.
612 1688 625 1711 ,
669 1656 747 1698 1103
785 1657 876 1708 ipso
899 1655 1004 1706 =loco
1042 1654 1139 1696 freti
1180 1665 1337 1697 sacra
1379 1654 1562 1697 Philetae
1597 1655 1676 1697 dici
1704 1666 1846 1698 manes
1875 1657 2058 1699 Philetae
2086 1656 2169 1698 sibi
2192 1658 2493 1709 persuaserunt.

21 1728 114 1778 .Qu1
141 1739 224 1770 non
250 1726 378 1768 levius
409 1729 607 1778 errarunt,
638 1725 758 1777 quam
787 1725 856 1776 qui
884 1724 1016 1764 allatis
1044 1724 1096 1764 iis
1116 1723 1232 1777 locis,
1260 1725 1303 1764 in
1323 1722 1468 1775 quibus
1488 1723 1636 1775 legitur
1663 1734 1813 1783 1.(113,
1841 1726 2025 1779 busta,
2056 1720 2174 1766 aras
2204 1726 2330 1778 piare,
2358 1723 2496 1766 officio

37 1795 297 1839 satisfecisse
327 1794 407 1836 sibi
435 1795 514 1835 visi
542 1795 648 1835 sunt.
707 1792 789 1833 Nec
817 1791 962 1833 idonea
991 1793 1056 1831 est
1084 1792 1213 1844 ipsius
1234 1791 1497 1842 Hertzbergii
1523 1792 1639 1833 ratio.
1698 1791 1797 1834 Nam
1827 1804 1992 1844 eorum,
2036 1803 2139 1845 quae
2180 1794 2314 1845 posita
2355 1792 2407 1834 ab
2445 1800 2496 1834 eo

35 1868 136 1909 sunt
163 1875 201 1916 p.
227 1866 344 1915 7.;,
347 1873 470 1917 ,31-33,
498 1872 595 1904 1313
624 1861 701 1902 3113
732 1859 903 1901 3133333
931 1861 1035 1912 piari
1064 1861 1185 1901 antea
1213 1861 1386 1911 oportet.
1426 1859 1527 1901 Hinc
1557 1862 1752 1914 sequitur,
1781 1864 1826 1902 ut
1853 1861 2116 1904 sacra-‘hoc
2145 1861 2233 1903 loco
2262 1871 2343 1903 non
2371 1860 2498 1918 sacri»-
2547 1874 2557 1879 ‘

36 1932 186 1981 finandi
217 1934 416 1975 actionem
446 1930 545 1979 (hac
575 1931 681 1972 enim
711 1929 870 1971 demum
900 1938 995 1986 3133
1023 1928 1204 1982 piantur)
1234 1930 1374 1981 ipsam
1396 1927 1640 1982 significent,
1671 1928 1745 1972 sed
1772 1940 1838 1972 res
1859 1929 2059 1990 saqpificio
2090 1929 2244 1972 oblatas
2274 1930 2359 1972 sive
2383 1911 2498 1971 vica-

36 2012 130 2050 11133
159 2004 247 2044 sive
275 2002 418 2042 latices
450 2003 490 2042 et
518 1999 668 2041 herbas
698 1999 895 2052 magicas,
925 2008 1028 2059 quae
1058 1998 1180 2039 certis
1210 1996 1455 2039 carminibus
1485 1999 1676 2049 certoque
1705 1999 1785 2040 ritu
1812 1997 1896 2043 3113
1911 1998 2162 2052 33013313144,
2192 1998 2360 2040 alterum
2387 1996 2494 2040 falso

40 2072 122 2117 dici
158 2071 267 2112 infra
310 2068 626 2120 declarabimus,
666 2067 834 2107 alterum
871 2069 1007 2108 autem
1043 2065 1093 2107 ab
1133 2068 1276 2121 poetae
1330 2066 1534 2107 sententia
1572 2068 1614 2107 et
1650 2067 1833 2108 instituto
1864 2067 2082 2109 abhorrere
2126 2066 2218 2108 inde
2244 2052 2493 2118 intelligitur,

29 2140 151 2195 quod
178 2138 281 2182 nihil
308 2138 376 2180 hic
406 2138 599 2189 interest,
630 2145 709 2188 qua
747 2144 845 2176 cura
881 2137 1123 2189 apparentur
1147 2143 1267 2195 sacra
1296 2133 1522 2202 „quibusve
1551 2133 1735 2176 formulis
1766 2137 1807 2176 et
1832 2134 1977 2177 ritib'us
2006 2134 2267 2194 133113313144,
2296 2133 2370 2176 333
2403 2132 2498 2186 quid

41 2211 268 2264 peracta
296 2209 339 2248 in
368 2206 539 2256 magicis
575 2205 679 2246 focis
720 2213 839 2246 sacra
877 2204 1101 2245 valeant.
1160 2203 1205 2244 In
1243 2213 1363 2255 (13313
1390 2206 1547 2256 partem
1575 2213 1656 2244 non
1682 2202 1802 2244 dubie
1831 2207 2018 2256 spectant
2045 2190 2136 2256 ipsa
2163 2204 2309 2246 verba:
2346 2201 2497 2245 labor

19 2281 296 2329 estparum
327 2275 396 2315 illa
426 2274 476 2314 ab
508 2274 637 2314 doctis
666 2274 764 2313 viris
795 2272 1072 2325 considerata,
1113 2283 1281 2323 quorum
1309 2274 1371 2312 vis
1400 2273 1576 2324 patescit
1604 2283 1655 2313 ex
1685 2271 1912 2319 Quintilian.
1942 2272 2118 2314 Declam.
2146 2272 2194 2314 X.
2227 2273 2301 2330 15.
2321 2283 2368 2331 p..
2392 2269 2496 2312 22⁷:

21 2345 171 2398 ‘Bagis
197 2343 298 2386 mihi
327 2340 672 2392 laborandum
702 2341 778 2393 est,
807 2348 927 2392 quam
954 2335 1044 2381 'cum
1075 2339 1211 2380 sidera
1238 2338 1385 2381 mundo
1414 2338 1683 2381 revelluntur“
1712 2341 1753 2380 et
1782 2341 1820 2381 7.
1845 2351 1883 2393 p.
1913 2340 2018 2382 218:
2058 2340 2192 2381 inveni
2220 2338 2379 2381 vincula
2406 2346 2494 2379 ver-

39 2414 199 2466 borum,
230 2412 304 2453 sed
335 2413 422 2452 arte
453 2412 554 2462 tota,
584 2408 657 2449 sed
684 2408 865 2449 labore
895 2408 1008 2448 toto“
1048 2411 1090 2448 et
1127 2408 1274 2449 Lucan.
1314 2407 1373 2448 Vl.
1417 2408 1536 2448 602.;
1590 2408 1746 2456 Elysias
1785 2418 1926 2449 resera
1964 2408 2099 2449 sedes.
2130 2430 2184 2436 -—
2223 2404 2498 2449 Non-humilis

42 2483 159 2530 labor
196 2481 289 2523 33144
330 2479 438 2540 conf.
476 2478 597 2518 492:
639 2475 732 2524 Quis
772 2476 884 2517 labor
922 2476 988 2518 hic
1028 2478 1187 2529 superis
1228 2479 1372 2518 cantus
1401 2475 1631 2528 herbasque
1671 2476 1922 2529 sequendi“?
1964 2471 2197 2529 Reprhnam
2219 2477 2307 2528 jam
2333 2485 2399 2517 me
2425 2468 2505 2516 nec‘

42 2551 224 2608 pluribus
253 2550 511 2604 perspicuam
540 2557 626 2587 rem
656 2547 696 2586 et
725 2545 947 2586 evidentem
976 2548 1045 2586 aut
1070 2547 1343 2599 praemuniam
1365 2547 1436 2587 aut
1456 2555 1668 2599 exsequar.
1718 2545 1910 2598 Namque,
1939 2545 1980 2587 id
2009 2546 2114 2599 quod
2143 2556 2232 2588 cum
2261 2544 2504 2605 0133331313

39 2620 321 2669 *Rarklandum
342 2628 404 2670 ap.
423 2617 554 2657 Burm.
575 2626 614 2667 p.
648 2615 715 2655 15.
734 2614 877 2655 fefellit
893 2618 1097 2655 versatum
1117 2617 1226 2655 certe
1246 2614 1355 2655 illum
1383 2616 1425 2655 in
1454 2615 1687 2667 explicando
1707 2615 2018 2668 praepositionis
2047 2616 2096 2657 in
2124 2626 2215 2669 usu,
2244 2615 2293 2656 de
2321 2624 2399 2666 quo
2427 2613 2505 2655 vid.

45 2690 283 2740 Hertzberg.
317 2687 497 2736 Quaestt.
527 2684 567 2726 ll.
600 2686 640 2737 6,
674 2684 739 2724 17.
768 2693 807 2734 p.
842 2682 961 2737 134.,
1004 2685 1139 2735 ipsum
1179 2684 1291 2724 vocis
1335 2679 1493 2726 sacra
1533 2685 1772 2736 principium
1810 2684 1905 2725 vitio
1941 2686 2082 2729 natum
2111 2687 2175 2725 est
2200 2684 2320 2737 plane
2350 2681 2505 2735 303313,

46 2761 131 2813 quo·
156 2757 262 2811 apud
289 2756 493 2797 Valerium
522 2753 710 2794 Flaccum
740 2751 793 2792 111.
826 2752 946 2792 367.;
990 2753 1121 2803 patria
1151 2762 1202 2792 ex
1232 2752 1375 2793 oculis
1416 2762 1623 2805 acerque
1663 2752 1844 2795 laborum
1872 2751 2019 2793 Pulsus
2050 2752 2189 2793 3130144
2218 2753 2260 2793 13
2288 2751 2503 2793 Burmanni

45 2829 186 2872 codice
214 2838 253 2879 p.
284 2826 396 2875 279,
427 2824 495 2874 (131
524 2823 637 2870 tenet
657 2830 890 2872 sacerque,
911 2821 1107 2871 „repetita
1135 2819 1254 2860 litera
1285 2831 1305 2859 3
1334 2807 1413 2861 fuit
1441 2820 1491 2861 ab
1521 2821 1660 2863 ultima
1688 2819 1967 2872 praecedentis
1996 2822 2107 2866 vocis
2137 2819 2292 2879 syllaba
2320 2818 2507 2864 0331134

48 2898 161 2940 etin
191 2893 301 2936 Ovid.
332 2892 421 2933 Met.
452 2891 499 2932 X.
530 2891 656 2930 349..
700 2887 781 2929 Nec
825 2890 998 2929 metues
1044 2891 1156 2929 atro
1203 2889 1369 2929 crinitas
1401 2898 1531 2939 angue
1562 2887 1838 2929 30101334413
1882 2888 2032 2939 aliquot
2071 2876 2252 2940 ejusdem
2293 2887 2508 2940 Burmanni

47 2963 255 3009 codicibus
287 2966 322 3014 p.
354 2962 452 3002 716.
485 2967 637 2999 33310
685 2958 878 3009 scriptum
907 2956 1105 2996 invenitur
1135 2956 1241 2997 conf.
1271 2956 1492 2997 Burmann
1515 2958 1557 2997 in
1586 2956 1725 2998 Seren.
1757 2944 1955 2997 Samonic.
1985 2956 2087 2997 LVll.
2121 2958 2243 2998 1017.
2272 2968 2312 3010 p.
2340 2957 2438 3011 375.
2467 2963 2510 2999 et

51 3033 161 3080 ovid.
192 3031 282 3072 Met.
312 3029 361 3069 X.
393 3027 489 3067 229.
520 3037 558 3096 p.
590 3028 686 3066 706.
734 3028 774 3066 31
814 3035 917 3076 (1333
952 3033 1027 3064 nos
1058 3035 1178 3076 supra
1209 3034 1295 3077 cap.
1326 3024 1385 3065 Vl.
1416 3037 1453 3077 p.
1485 3026 1552 3066 39.
1583 3024 1784 3076 diximus3
1828 3024 1932 3076 quod
1962 3010 2094 3066 autem
2124 3025 2257 3066 demta
2285 3024 2363 3067 hac
2383 3015 2509 3081 litera
2557 3047 2562 3051 ·

50 3102 249 3154 reliquum
279 3100 369 3139 est.
402 3104 554 3146 3313,
598 3094 639 3135 13
669 3096 757 3136 31113
788 3093 868 3135 3113
898 3090 1144 3134 dubitatione
1176 3092 1385 3135 deducitur
1415 3092 1466 3134 ad
1504 3095 1660 3134 astra.
1719 3092 1818 3136 Nam
1846 3095 1886 3135 et
1915 3104 2036 3136 acer
2064 3096 2105 3135 et
2135 3096 2249 3136 ater
2276 3077 2509 3146 frequenter

18 3172 94 3221 ,in
121 3168 236 3212 libris
265 3177 365 3209 mss.
396 3162 587 3206 confundi
617 3161 735 3204 docet
764 3159 1117 3218 Drakenborchius
1147 3162 1189 3202 in
1219 3160 1288 3202 Sil.
1319 3160 1409 3202 Jtal.
1440 3159 1483 3202 V.
1520 3157 1611 3203 154.
1643 3172 1679 3216 p.
1711 3162 1805 3203 254.
1837 3164 1877 3203 31
1904 3161 2012 3204 XVll.
2044 3163 2141 3204 250.
2170 3172 2208 3217 p.
2239 3162 2334 3203 859.
2378 3161 2506 3215 (conf.

50 3240 230 3281 serta:
276 3243 434 3274 sacra
477 3233 755 3282 Cannegieter.
786 3232 829 3270 in
858 3231 997 3271 Avian.
1028 3229 1122 3269 Fab.
1152 3230 1317 3270 xxxvl.
1353 3231 1416 3270 11.
1448 3241 1484 3281 p.
1519 3231 1611 3270 199.
1642 3225 1753 3281 Valg.
1784 3243 1820 3283 p.
1851 3233 1970 3283 504.)
2017 3235 2064 3273 et.
2099 3232 2267 3272 vocibus
2309 3234 2425 3273 atra
2459 3235 2510 3273 ⁴et

52 3310 207 3351 astra
236 3305 436 3346 variatum
465 3305 529 3341 est
557 3299 663 3353 apud
684 3298 943 3341 Claudianum
972 3297 1031 3339 lV.
1054 3296 1171 3338 ConS.
1192 3298 1291 3339 Hon.
1317 3298 1432 3340 172.:
1463 3298 1684 3351 involverat
1712 3302 1826 3346 atra
1854 3299 2005 3342 Lumen
2023 3297 2198 3342 1113313.44
2227 3298 2340 3342 codd.
2360 3298 2512 3354 aliquot

50 3368 192 3421 1131113.
213 3386 251 3427 p.
276 3373 370 3415 190.
392 3374 544 3414 astra
560 3401 572 3423 ,
595 3368 698 3411 Cort.
714 3368 804 3410 Luc.
820 3367 863 3410 V.
881 3368 975 3410 608.
991 3378 1026 3420 p.
1050 3367 1143 3408 661.
1163 3370 1203 3408 et
1222 3367 1326 3421 apud
1347 3366 1527 3410 Ovidium
1542 3367 1631 3411 Met.
1651 3366 1727 3410 Xll.
1748 3367 1812 3411 14.
1830 3381 1840 3411 :
1863 3366 1999 3411 stabat
2017 3368 2198 3422 proxima
2217 3369 2402 3411 sacris.
2422 3363 2525 3412 Pal.

56 3445 261 3489 castris
279 3441 407 3494 (conf.
424 3439 628 3481 Claudian.
646 3438 736 3478 Sec.
754 3437 870 3478 Cous.
888 3436 975 3476 Stil.
1001 3435 1095 3477 120.
1114 3447 1123 3475 :
1145 3437 1222 3476 sic
1244 3447 1264 3476 3
1278 3438 1395 3475 3313
1408 3437 1601 3486 juventae
1617 3436 1746 3477 Frena
1765 3437 1914 3479 dedit.“
1943 3436 2082 3487 Medic.
2104 3437 2181 3477 sic
2201 3447 2222 3477 s
2235 3446 2370 3480 acra.
2397 3436 2508 3480 Leia

54 3515 193 3560 Heius.
222 3524 260 3565 p.
292 3510 500 3561 543313
532 3510 659 3549 arta.
689 3506 755 3548 Pr.
786 3505 905 3547 cons.
936 3503 1023 3552 sui.
1054 3503 1083 3545 1.
1114 3504 1182 3545 43.
1212 3503 1358 3546 fatis.
1389 3504 1501 3557 coda
1532 3494 1669 3547 Heius.
1698 3517 1736 3560 p.
1766 3507 1863 3548 4⁷1.
1892 3505 2079 3559 fastis)
2110 3507 2151 3548 et
2178 3506 2282 3559 apua
2308 3486 2511 3551 valerium
2590 3544 2594 3549 ,
