2812 3748
1175 309 1245 321 -
1302 285 1380 335 84
1448 306 1542 322 -’

115 442 256 485 Audax
285 446 471 486 cantatae
501 441 613 495 leges
644 442 847 495 imponere
875 442 994 484 lunae
1024 440 1193 494 (lusisse
1224 444 1331 484 enim
1349 442 1656 485 Valckenarium
1686 442 1806 495 hujus
1822 442 2050 495 *scripturae
2077 443 2301 484 auctorem:
2341 449 2459 484 31133
2488 449 2575 485 ex«

114 516 385 565 cantatae,
415 523 593 566 possem,
614 514 651 553 si
679 512 719 552 id
748 522 854 553 nunc
882 513 1086 564 ageretur,
1114 511 1391 553 demonstrare
1421 511 1713 565 exemplorum,
1745 522 1847 564 quae
1878 510 1980 565 apud
2005 510 2151 553 multos
2185 511 2358 553 omnium
2388 514 2569 555 aetatum

113 583 333 634 scriptores
363 585 472 634 sunt,
503 582 654 632 ingenti
683 579 956 632 multitudine)
998 579 1049 621 Et
1084 590 1161 621 aua
1198 583 1393 621 nocturno
1433 580 1572 622 fallere
1603 584 1717 632 terga
1745 580 1879 633 lupo.“
1936 580 2011 634 Eat
2039 590 2142 620 nunc
2173 579 2315 632 aliquis
2355 582 2397 621 et
2425 584 2563 622 narret
2626 580 2631 598 ¹

112 649 270 691 illorum
299 660 457 702 quoque
489 650 696 690 audaciam
726 660 824 690 sane
847 660 966 700 quam
986 659 1187 702 magnam,
1218 650 1285 700 qui
1315 649 1408 690 olim
1429 649 1612 691 Calendis
1632 650 1830 692 Ianuariis
1860 649 2089 702 „cervulum
2108 648 2305 690 facientes
2326 650 2367 690 in
2386 649 2567 692 ferarum

111 728 157 759 se
186 717 398 760 voluerunt
425 717 587 759 habitus
617 716 880 759 0031133131144
910 716 1090 769 Faustin.
1118 716 1251 769 Episc.
1282 716 1463 758 Sermon.
1493 718 1535 759 in
1564 716 1644 758 Cal.
1674 717 1836 758 Ianuar.
1861 717 1939 758 vid.
1961 716 2087 768 Cang.
2105 715 2235 757 Gloss.
2265 715 2312 757 T.
2339 716 2367 758 I.
2396 728 2435 769 p.
2457 716 2558 758 940.

110 784 155 826 Τ.
175 786 214 827 11.
234 786 279 828 P.
300 786 339 827 ll.
360 797 397 837 p.
422 787 513 826 183.
536 785 579 825 T.
600 785 655 825 lll.
673 796 711 836 p.
745 775 867 825 1295.
888 795 950 836 sq.
993 785 1091 826 Illud
1111 786 1270 837 quidem
1289 785 1387 827 nolo
1402 784 1571 826 afferre:
1599 795 1739 836 parum
1758 788 1850 837 apte
1870 788 1911 826 et
1930 784 2150 826 efficaciter
2167 783 2236 825 1110
2255 787 2559 829 commemorari

70 906 72 909 Ι
110 858 417 895 nocturnum
446 853 581 904 lupum
610 854 706 905 „cui
735 852 893 904 quidem
922 862 1010 892 mos
1049 856 1171 894 noctu
1207 853 1476 904 depraedandi
1513 854 1643 904 magis
1682 855 1865 906 proprius
1905 856 1981 905 est,
2021 862 2138 904 quam
2175 852 2301 904 leoni,
2341 852 2466 904 pardo
2496 857 2565 894 aut

111 933 223 981 urso,
252 925 346 975 quia
374 923 412 963 ei
442 924 485 961 ut
514 922 645 962 minus
674 922 831 972 virium,
860 915 918 961 it‘a
946 922 1080 962 minus
1110 925 1174 962 est
1204 922 1426 963 3333313344
1455 922 1637 963 Βο311311.
1670 922 1697 963 Ι.
1728 923 1885 963 Hieroz.
1912 921 1964 962 lll.
1990 923 2054 962 10.
2083 933 2122 973 p.
2154 922 2249 962 823.
2279 932 2364 973 sq.;
2394 932 2486 962 nam
2516 922 2566 962 33

93 990 200 1043 ejus
229 991 341 1032 vocis
371 990 410 1030 vi
439 998 487 1030 ac
516 991 719 1041 potestate
748 988 857 1030 infra
885 989 1187 1042 explicabimus.
1248 988 1391 1031 Verum
1420 988 1497 1032 hoc
1512 990 1599 1042 jam
1629 992 1748 1043 caput
1779 991 1856 1032 erit
1883 988 2025 1043 nobis,
2064 989 2100 1031 si
2130 988 2308 1031 obtinere
2347 990 2564 1042 poterimus

115 1059 387 1111 versipellium
417 1067 626 1108 magarum
658 1060 1078 1099 commemorationem
1109 1060 1272 1099 omnino
1308 1067 1533 1109 repugnare
1572 1060 1884 1112 sententiarum,
1923 1057 2064 1111 quibus
2103 1058 2168 1099 illa
2206 1067 2301 1110 pars
2331 1059 2574 1111 continetur,

109 1127 240 1168 ordini
269 1137 316 1167 ac
345 1128 617 1178 perpetuitati.
677 1126 826 1166 Scribit
857 1130 991 1167 autem
1020 1127 1252 1177 Propertius
1285 1137 1403 1177 quam
1432 1128 1616 1167 insolitas
1646 1139 1713 1167 res
1744 1128 1946 1177 mirasque
1976 1127 2032 1176 (v.
2064 1128 2089 1166 5
2121 1149 2174 1154 -
2210 1128 2295 1178 12.)
2331 1127 2473 1178 quibus
2502 1138 2565 1167 re-

49 1219 59 1228 ·
107 1193 252 1236 mediis
291 1197 411 1246 atque
450 1195 729 1236 instrumentis
769 1204 889 1246 maga
926 1196 1059 1246 possit
1096 1193 1276 1236 efficere.
1336 1193 1417 1243 Quo
1457 1196 1615 1236 nomine
1646 1198 1978 1239 commemoratur
2014 1206 2050 1235 v.
2096 1195 2158 1236 13.
2198 1194 2348 1236 13333
2387 1205 2566 1248 spuma

110 1262 224 1314 (nam
254 1265 503 1304 cantatae
533 1263 679 1303 lunae
709 1263 855 1313 leges
886 1264 1152 1314 imponere
1183 1265 1247 1302 est
1284 1262 1453 1303 lunam
1488 1273 1576 1314 per
1607 1265 1809 1304 cantum
1839 1263 2087 1314 maximos
2116 1271 2323 1314 passam
2351 1262 2557 1314 labores

109 1331 207 1372 hoc
236 1341 450 1384 cogere,
480 1334 530 1371 ut
558 1332 778 1389 propior
816 1332 865 1371 13
895 1330 1086 1371 11311133
1118 1330 1389 1382 despumet
1426 1330 1573 1372 Lucan.
1602 1331 1811 1382 vl.-505.‚
1850 1330 1889 1370 id
1925 1330 2029 1381 quod
2057 1340 2135 1371 nec
2162 1330 2369 1372 Turnebus
2400 1331 2564 1373 adnota-

112 1400 171 1440 vit
199 1398 366 1439 Advers.
396 1397 455 1439 Vl.
491 1400 556 1439 10.
587 1409 626 1450 p.
662 1399 756 1451 173,
786 1398 853 1439 23.
890 1401 957 1438 aut
986 1398 1172 1438 Barthius
1213 1399 1253 1438 in
1284 1398 1384 1439 Stat.
1418 1398 1543 1439 Theb.
1572 1398 1610 1438 ll.
1642 1397 1737 1438 284.
1768 1408 1806 1449 p.
1837 1398 1933 1438 436.
1965 1400 2033 1438 331
2062 1398 2249 1439 Heinsius
2271 1400 2314 1439 in.
2334 1398 2442 1439 Ovid.
2472 1398 2561 1440 Met.

107 1455 309 1509 Vll-268.
339 1478 378 1520 p.
409 1469 507 1508 474.
529 1467 686 1509 Cortius
717 1468 758 1507 in
786 1466 932 1507 Lucan.
962 1466 987 1507 l.
1019 1467 1054 1507 d.
1085 1477 1123 1519 p.
1154 1468 1220 1507 85.
1252 1468 1378 1519 intpp.
1399 1466 1551 1519 Apulej.
1572 1466 1659 1507 Met.
1691 1466 1719 1506 I.
1742 1467 1779 1507 3.
1801 1476 1838 1518 p.
1870 1467 1937 1508 21.
1960 1466 2207 1508 Burmannus
2236 1468 2276 1508 in
2297 1453 2560 1509 Antbol.·Lat.

106 1536 152 1578 V.
184 1538 254 1588 46,
284 1537 353 1577 21.
371 1533 425 1587 p.
454 1537 549 1577 329.
581 1539 622 1576 et
650 1535 849 1586 Propertii
877 1537 1117 1586 interpretes
1150 1545 1287 1575 omnes
1318 1536 1501 1591 videntur
1528 1535 1821 1586 praeterisse),
1847 1545 1882 1574 v.
1919 1536 1980 1574 15.
2012 1546 2074 1586 sq.
2106 1537 2369 1577 cornicum
2399 1537 2563 1586 gen'ae

113 1608 278 1657 erutae,
309 1618 345 1646 v.
380 1608 447 1646 17.
476 1606 721 1654 strigium
750 1615 865 1655 11333,
895 1616 930 1643 v.
958 1605 1023 1643 18.
1053 1614 1296 1654 equarum
1326 1593 1482 1644 virus.
1528 1603 1738 1653 Interpone
1768 1602 1835 1642 his
1863 1603 2062 1644 fallaciam
2092 1607 2262 1655 ipsius
2291 1614 2433 1654 magae
2454 1604 2568 1654 'ligu-

70 1699 71 1702 =
107 1683 194 1716 ram
224 1682 341 1714 suam
370 1673 410 1714 in
439 1671 574 1725 lupum
606 1671 897 1713 convertentis:
927 1669 1098 1712 1131131113
1129 1670 1376 1712 diversarum
1405 1681 1538 1712 rerum
1560 1671 1881 1723 conjunctionem
1910 1680 1957 1713 ac
1979 1671 2254 1714 confusionem
2273 1672 2563 1715 foedissimam.

108 1743 198 1783 «lam
234 1753 331 1782 vero
371 1741 420 1781 ab
460 1742 539 1781 hac
578 1742 868 1781 sententiarum
908 1741 1229 1780 incommoditate
1259 1734 1396 1791 procul
1434 1740 1616 1779 abfuisse
1656 1740 1897 1790 elegantiam
1933 1740 2129 1791 Propertii
2163 1752 2250 1782 cum
2281 1743 2408 1782 omnis
2438 1744 2569 1782 oratio

74 1810 343 1858 ‚documento
374 1811 451 1861 est,
483 1820 602 1860 quam
632 1809 682 1849 ad
712 1808 859 1848 latinae
900 1808 1200 1849 consuetudinis
1239 1811 1455 1859 praecepta
1496 1809 1678 1859 apposite
1718 1812 1837 1859 atque
1875 1811 1984 1849 recte
2024 1808 2313 1850 conformatam
2353 1821 2444 1850 esse
2485 1821 2560 1851 nec

104 1877 211 1921 docti
239 1877 423 1919 homines
455 1875 677 1918 3113331331
707 1877 887 1929 quamvis
917 1875 1041 1916 multa
1070 1876 1198 1917 moliti
1219 1878 1259 1917 et
1278 1876 1387 1918 nulla
1406 1886 1592 1929 umquam
1610 1875 1800 1922 machina
1820 1874 2123 1929 extorquebitur
2141 1879 2185 1919 ut
2204 1877 2460 1931 concedatur,
2479 1880 2561 1920 tum

101 1949 194 1999 ipsa
222 1943 400 1987 declarat
428 1957 506 1986 vox
535 1950 700 1996 terga,
729 1955 847 1996 quam
877 1947 917 1984 in
946 1945 1045 1985 feris
1076 1947 1170 1995 poni
1199 1955 1224 1985 a
1253 1945 1516 1996 scriptoribus
1547 1945 1708 1993 solitam
1737 1955 1831 1985 esse
1863 1948 2045 1998 constat,
2079 1930 2158 1986 303
2197 1947 2292 1987 11331
2321 1948 2361 1987 13
2389 1947 2559 1988 110111131-

101 2015 193 2070 bus,
223 2026 391 2069 quorum
421 2025 511 2057 ora
539 2016 843 2056 commemorari
871 2017 1186 2055 consentaneum
1214 2014 1290 2054 fult
1329 2013 1565 2065 (Markland.
1607 2015 1647 2055 in
1679 2013 1779 2054 Stat.
1821 2012 1915 2055 Silv.
1957 2014 1994 2055 11.
2029 2016 2075 2067 1,
2115 2015 2211 2057 214.
2250 2025 2288 2066 p.
2318 2016 2414 2057 223.
2452 2017 2557 2058 conf.

104 2084 259 2137 Apulej.
290 2083 380 2125 Met.
409 2083 448 2125 ll.
478 2094 517 2136 p.
553 2084 644 2125 144.
676 2082 814 2124 Sabin.
845 2082 972 2135 Epist.
1001 2081 1054 2123 lll.
1086 2083 1176 2129 39.:
1217 2082 1261 2124 Si
1291 2092 1365 2123 sua
1390 2093 1480 2124 303
1500 2092 1624 2132 cycno
1654 2084 1855 2122 mutasset
1894 2081 2048 2135 Jupiter
2074 2093 2176 2128 vora.
2208 2082 2315 2125 Ovid.
2347 2084 2430 2125 Am.
2461 2084 2489 2126 1.
2520 2087 2561 2141 8,

64 2149 67 2154 ’
109 2154 194 2194 14.;
224 2153 330 2194 11330
360 2163 438 2204 ego
470 2175 522 2180 —
555 2153 741 2204 suspicor
771 2174 825 2180 —
855 2152 989 2203 pluma
1020 2162 1207 2203 corpus
1239 2152 1341 2192 anile
1372 2151 1483 2202 tegi“
1513 2154 1554 2191 et
1582 2152 1624 2191 in
1663 2150 1807 2203 quibus
1847 2151 1948 2191 locis
1978 2151 2200 2192 membra
2238 2152 2409 2204 legimus
2449 2154 2555 2196 conf.

102 2220 354 2273 Oudendorp.
395 2223 437 2262 in
475 2220 621 2261 Lucan.
661 2220 719 2261 Vl.
764 2222 861 2261 666.
905 2232 944 2271 p.
987 2221 1115 2271 488.).
1155 2220 1262 2269 Virg.
1303 2220 1400 2260 Aen.
1430 2219 1501 2260 Vll.
1540 2220 1628 2268 20.;
1682 2220 1788 2268 Quos
1827 2219 2087 2260 hominum
2132 2231 2183 2260 ex
2216 2217 2364 2262 facie
2408 2245 2461 2251 —-
2491 2223 2556 2264 In·

101 2289 246 2332 333131
275 2289 388 2331 Circe
419 2291 460 2331 in
489 2288 623 2330 vultus
654 2298 700 2328 ac
730 2291 881 2339 terga
910 2288 1128 2334 ferarmn.“
1186 2287 1380 2329 Vechner.
1411 2287 1602 2328 Hellenol.
1640 2288 1679 2328 ll.
1710 2289 1750 2328 8.
1778 2298 1819 2338 p.
1857 2287 1953 2327 332.
1992 2287 2150 2338 Forbig.
2190 2290 2230 2329 in
2270 2289 2366 2330 Aen.
2402 2290 2431 2331 I.
2463 2292 2557 2332 635.

100 2370 140 2412 p.
173 2346 268 2401 131.
300 2358 407 2400 conf.
439 2357 625 2399 Ouwens.
655 2355 783 2396 Noctt.
815 2356 943 2407 Hagg.
973 2356 1026 2397 lll.
1061 2357 1124 2397 12.
1154 2366 1193 2407 p.
1223 2358 1319 2397 456.
1352 2345 1594 2397 Lachmann.
1624 2357 1665 2396 in
1695 2355 1812 2407 Prop.
1843 2354 1872 2395 1.
1904 2356 1945 2405 3,
1978 2356 2047 2396 20.
2076 2367 2113 2407 p.
2149 2358 2212 2397 16.
2244 2360 2284 2398 et
2313 2358 2408 2399 409.
2460 2358 2557 2401 Tam

86 2428 236 2470 ”multis
265 2428 389 2478 igitur
417 2430 580 2477 tamque
608 2425 835 2476 perspicuis
864 2424 972 2465 lucet
1002 2425 1248 2474 argumentis
1278 2424 1426 2465 falsum
1463 2435 1557 2465 esse
1595 2423 1657 2484 id,
1697 2423 1802 2475 quod
1841 2424 1882 2465 13
1910 2423 2107 2475 Propertii
2134 2424 2247 2465 libris
2282 2437 2385 2467 nunc
2414 2427 2561 2479 legitur

97 2496 297 2539 omnibus.
357 2495 537 2536 Indidem
566 2495 702 2535 autem
730 2494 913 2545 emergit,
943 2492 1036 2544 quid
1065 2494 1118 2532 sit
1147 2503 1294 2533 verum.
1354 2493 1437 2534 Hoc
1468 2494 1574 2533 enim
1602 2494 1643 2550 in
1673 2492 1739 2533 illo
1768 2502 1891 2533 versu
1918 2491 2011 2533 olim
2040 2494 2231 2545 scriptum
2260 2494 2356 2536 fuit:
2397 2496 2557 2547 (Audax

59 2590 84 2605 2
566 2600 569 2608 ,
651 2584 705 2590 -—
737 2572 811 2601 sua
841 2562 1057 2612 nocturno)
1085 2561 1285 2601 vellere
1317 2564 1451 2611 (terga
1479 2561 1606 2613 lupo).

99 2632 313 2678 Vellere
342 2636 523 2685 terga,
552 2634 596 2672 ut
635 2630 740 2682 apud
777 2629 980 2670 Lucanum
1019 2629 1077 2670 Vl.
1117 2629 1234 2670 562.:
1266 2629 1335 2670 Illa
1365 2639 1529 2680 genae
1567 2629 1757 2671 florem
1793 2630 1996 2681 primaevo
2034 2641 2199 2682 corpore
2228 2633 2421 2674 vulsit“
2453 2636 2558 2677 conf.

101 2703 315 2746 Burmann.
346 2703 389 2743 in
418 2701 536 2753 Prop.
566 2699 619 2741 lll.
651 2700 721 2753 23,
753 2700 821 2741 33.
852 2709 891 2750 p.
921 2699 1017 2739 703.
1048 2701 1090 2738 31
1111 2697 1249 2739 Seren.
1273 2698 1471 2740 Samonic.
1494 2695 1684 2739 XXXV.
1704 2699 1822 2739 670.;
1852 2698 1981 2740 100313
2012 2700 2178 2751 crinis
2207 2701 2343 2742 vulsi
2373 2705 2559 2756 continge

101 2783 244 2815 cruore
277 2793 342 2813 --.
372 2770 592 2812 Praeterea
622 2758 896 2821 quascumque
925 2766 1042 2808 voles
1070 2769 1314 2809 avertere
1352 2768 1614 2819 (avellere,
1645 2766 1731 2809 cod.
1759 2763 1939 2809 paderb.
1980 2767 2084 2809 Cort.
2120 2768 2267 2811 Lucan.
2306 2769 2364 2812 Vl.
2396 2773 2492 2816 585.
2520 2785 2563 2827 p.

99 2841 192 2894 99.)
222 2839 402 2882 3313344
433 2842 475 2881 31
504 2837 610 2891 apud
640 2837 742 2879 alios
772 2835 975 2878 vellere
1005 2835 1143 2887 pilos
1175 2836 1289 2887 (Hor.
1320 2836 1445 2888 Epist.
1474 2835 1513 2877 ll.
1547 2837 1584 2888 1,
1615 2836 1720 2888 45),
1749 2835 1990 2889 plumam,
2018 2835 2211 2890 lanam,
2242 2848 2361 2880 oves
2392 2840 2566 2884 Schnei-

78 2908 182 2952 der.
212 2909 254 2949 in
288 2906 456 2949 Varron.
488 2906 537 2948 de
567 2900 627 2947 Re
654 2905 768 2946 Rust.
799 2903 838 2944 ll.
874 2905 940 2957 11,
971 2905 1008 2944 9.
1039 2913 1076 2955 p.
1108 2905 1202 2945 488.
1234 2907 1275 2944 et
1316 2903 1515 2945 Columell.
1545 2902 1630 2944 Vlll.
1666 2904 1731 2957 13,
1762 2904 1802 2944 3.
1830 2914 1869 2956 p.
1910 2904 2007 2945 454.
2042 2907 2082 2946 et
2110 2904 2189 2946 ind.
2218 2916 2256 2958 p.
2287 2907 2407 2961 402.,
2436 2908 2557 2963 lupo

97 2981 233 3020 autem
261 2980 380 3026 terga
407 2976 570 3027 vellere,
599 2976 643 3014 ut
673 2973 777 3025 apud
797 2972 969 3016 eundem
988 2972 1188 3012 Lucanum
1210 2972 1266 3012 Vl.
1289 2974 1408 3013 563.:
1439 2973 1509 3012 Illa
1530 2983 1683 3013 comam
1707 2973 1822 3013 laeva
1850 2974 2098 3014 morienti
2127 2974 2298 3014 abscidit
2327 2977 2560 3026 311113110“

76 3041 203 3089 conf.
234 3044 340 3086 Cort.
371 3055 410 3096 p.
441 3045 510 3084 96.
540 3041 739 3094 Luporum
768 3043 902 3082 autem
931 3039 1070 3092 pilos
1103 3039 1377 3092 (Peerlkamp.
1405 3042 1446 3101 13
1477 3040 1569 3082 Hor.
1610 3040 1737 3081 Carm.
1777 3040 1818 3081 Il.
1861 3042 1898 3082 6.
1929 3052 1966 3092 p.
2011 3042 2125 3094 179.)
2156 3042 2207 3083 33
2235 3044 2416 3093 magicas
2446 3048 2557 3086 artes

92 3113 198 3156 131113
228 3123 376 3164 magno
405 3113 498 3152 usui
526 3110 657 3151 fuisse
686 3112 731 3150 ut
759 3109 971 3151 credamus
1001 3108 1102 3149 facit
1140 3109 1326 3150 Horatius
1357 3109 1442 3149 Sat.
1474 3110 1500 3150 I.
1533 3111 1580 3162 8,
1611 3110 1701 3150 42.:
1752 3110 1879 3161 thue
1914 3110 2023 3162 lupi
2062 3110 2271 3151 barbam
2300 3114 2437 3153 variae
2466 3123 2557 3155 cum

94 3181 251 3224 dente
280 3179 529 3241 colubrae
558 3177 794 3219 Abdiderint
822 3177 961 3219 furtim
990 3176 1154 3228 13111344,
1184 3188 1272 3219 cum
1303 3188 1380 3229 quo
1410 3189 1531 3219 versu
1559 3179 1742 3229 componi
1781 3178 1831 3218 ab
1861 3178 2088 3220 Heindorfio
2118 3190 2156 3230 p.
2200 3179 2292 3220 182.
2334 3179 2555 3233 Orellioque

92 3261 134 3305 p.
167 3251 263 3302 117.
293 3250 525 3302 oportuerat
544 3246 673 3288 Ovidii
700 3246 844 3299 locum,
875 3246 944 3298 qui
972 3248 1037 3287 est
1065 3242 1263 3296 Propertii
1292 3248 1458 3287 carmini
1479 3246 1717 3299 simillimus,
1738 3245 1826 3287 Met.
1847 3246 1918 3288 vll.
1940 3246 2060 3287 268.:
2090 3246 2209 3288 Addit
2228 3250 2268 3287 et
2298 3252 2555 3300 exceptas

93 3318 234 3362 Luna
260 3319 453 3370 pernocte
482 3316 700 3368 pruinas
730 3314 779 3355 Et
809 3314 1003 3366 strigis
1034 3313 1206 3354 infames
1237 3315 1337 3365 ipsis
1367 3325 1457 3355 cum
1487 3313 1674 3355 carnibus
1706 3314 1821 3356 alas
1852 3313 1975 3367 Inque
2004 3315 2132 3356 virum
2160 3314 2269 3356 soliti
2298 3315 2430 3358 vultus
2469 3328 2555 3359 mu»

75 3390 182 3430 'ure
201 3386 358 3429 ferinos
378 3384 565 3436 Ambigui
592 3386 846 3436 prosecta
875 3383 996 3436 lupi.
1027 3393 1101 3423 nec
1133 3382 1258 3423 defuit
1277 3383 1355 3425 illic
1377 3384 1584 3436 8113311133-
1598 3383 1782 3436 Cinyphii
1802 3385 1935 3425 tenuis
1964 3381 2255 3426 membrana
2285 3385 2562 3436 chelydri“

93 3451 137 3500 e't
164 3466 282 3510 quem
310 3453 568 3498 cum‘Ovidio
598 3453 845 3505 comparavit
874 3450 1176 3504 Oudendorpius
1216 3453 1256 3494 13
1285 3464 1320 3494 v.
1352 3454 1448 3495 543.
1476 3464 1515 3505 p.
1545 3452 1666 3505 478,
1704 3452 1854 3495 Lucani
1892 3452 1950 3505 Vl.
1981 3453 2078 3496 672.
2119 3454 2238 3495 679:
2279 3453 2450 3496 Viscera.
2472 3459 2560 3496 aon
