2812 3748
21 946 24 949 ·
84 937 226 980 Nonne
255 939 359 979 illius
389 939 607 981 similitudo
638 942 703 981 est
732 939 903 992 arboris,
933 940 1019 989 sub·
1043 950 1123 991 qua
1152 941 1230 982 sibi
1258 942 1399 983 furens
1429 952 1571 983 manus
1600 942 1810 984 etaeinfelix
1838 941 2159 983 adolescentulus
2185 941 2316 983 intulit
2353 943 2534 993 ergeni-

0 1987 3 1992 ·
72 1962 365 2024 ‘Saturnium,“
394 1972 438 2010 ut
468 1978 689 2010 summas
721 1968 810 2009 dea
842 1968 946 2022 apud
965 1968 1117 2022 ApuleJ.
1148 1969 1236 2011 Met.
1269 1967 1338 2013 Xl.
1366 1982 1403 2023 p.
1435 1971 1531 2012 752.
1562 1972 1658 2012 775.
1690 1973 1785 2013 800.
1816 1971 1921 2013 conf.
1951 1970 2098 2012 Arnob.
2128 1971 2155 2012 1.
2185 1982 2222 2024 p.
2248 1972 2311 2012 13.
2333 1980 2418 2024 cap.
2443 1972 2535 2014 25.:

0 3266 2 3269 ’
88 3281 134 3333 in
161 3274 458 3326 huncxmodum
488 3274 730 3315 dissolvere:
765 3275 982 3325 aspernata
1010 3274 1136 3324 toros,
1167 3275 1438 3326 aspernatum
1467 3277 1610 3316 toros
1648 3275 1810 3316 sororis,
1849 3295 1905 3303 —-
1944 3272 2041 3324 Pag.
2074 3272 2165 3315 180.
2195 3282 2279 3324 cap.
2309 3273 2397 3315 33.:
2435 3274 2540 3315 unde

1148 297 1487 354 '-So-

88 457 266 498 ceterum
286 468 540 512 nequaquam
558 469 775 503 memorem
795 459 883 510 ejus
903 457 983 501 loci
1002 459 1109 511 (cap.
1127 461 1201 513 7.),
1218 471 1335 512 quem
1353 472 1476 514 supra
1490 470 1528 515 p.
1550 462 1617 504 76.
1636 459 1956 514 explanavimus:
1977 462 2131 504 sac'ra
2150 459 2535 515 velanaespinosf‘
2558 461 2560 463 ’

87 521 218 579 Etiam
256 526 486 571 faciendum
514 528 579 571 hic
607 527 707 570 mihi
733 529 843 580 puto,
872 530 917 569 ut
944 529 986 570 in
1015 528 1187 571 medium
1214 529 1451 583 proferam,
1482 540 1584 583 quae
1622 529 1671 572 de
1698 529 1874 572 Persii
1910 528 2015 573 Psoi.
2045 532 2084 572 7.
2104 524 2307 573 disseruit
2336 529 2534 581 Rssaltlus
2590 566 2592 568 ,

86 593 130 635 ιιι
159 593 281 636 Sicul.
310 594 441 638 Flacc.
470 608 508 649 p.
538 596 606 637 25.
635 595 753 637 Obss.
772 594 827 648 p.
854 596 974 638 232.:
1003 597 1151 638 Alludit
1179 597 1229 639 ad
1259 608 1378 642 sacra
1406 608 1655 651 paganorum
1672 597 1853 652 Persius,
1896 607 1987 640 cum
2013 598 2091 639 ait:
2122 599 2222 651 :ipse
2251 599 2534 651 semipagana

85 661 147 702 Asi
175 671 296 704 sacra
324 666 458 705 vatum
482 674 648 705 carmen
678 663 803 706 affero
832 656 1026 706 nostrum.
1083 666 1447 720 Poetae„-inquit‚
1476 666 1648 709 Parnasi
1676 669 1717 708 et
1749 666 1920 709 >Pirenes
1941 667 2217 720 ‘compagum
2234 674 2237 676 ·
2254 665 2533 724 Heiieoniad'as

84 731 275 774 invocent
302 734 432 785 iisque
460 742 580 774 sacra
607 733 781 785 faciant3
811 744 888 783 ego
919 735 1204 789 semipaganus
1234 735 1285 776 ad
1313 736 1404 788 ipsa
1432 738 1586 777 tantum
1613 745 1860 789 paganorum
1889 745 2008 777 sacra
2036 744 2196 776 carmen
2223 734 2404 777 adfero.“
2459 733 2533 783 Qui
2570 755 2573 761 ·

84 800 245 845 mallem
274 801 609 843 Romanorum
637 804 805 843 vatum
843 801 979 853 (conf.
1009 802 1109 844 Enn.
1138 814 1315 857 prooem.
1344 816 1381 857 p.
1413 805 1656 858 ⁷.)‚wquam
1685 814 1932 857 paganorum
1966 797 2357 861 sacrascripslsset.
2417 802 2530 846 Conf.

86 868 202 922 Valg.
231 881 268 923 p.
299 870 393 912 255.
423 881 484 923 sq.
542 870 644 912 Plin.
674 870 825 922 Paneg.
854 870 906 911 111.
938 871 999 912 5.:
1030 872 1100 924 qui
1128 872 1303 914 delubris
1333 873 1498 915 deorum
1526 895 1580 905 —-
1610 873 1843 918 meditatum
1869 863 2042 915 >carmen
2078 871 2301 915 intuleritf⁶
2327 893 2379 902 -·
2406 871 2533 915 Jbid.:

85 1008 168 1054 trix
195 1006 327 1049 divum
354 1008 395 1049 iu
425 1007 612 1049 solatium
641 1008 705 1049 sui
731 1007 907 1057 vulneris
939 1011 1191 1051 consecravit
1200 1009 1247 1053 22‘
1286 1010 1464 1052 Reficere
1502 1010 1598 1052 licet
1636 1011 1857 1053 orationem
1893 1010 1970 1052 hoc
1996 1010 2293 1064 supplemento:
2332 1009 2532 1057 intulit-et

85 1086 231 1128 quam
259 1076 462 1127 ειειιιῐιιιιιι
490 1077 614 1129 petito
643 1087 695 1118 ex
722 1086 815 1129 pag.
850 1078 944 1119 184.
974 1087 1062 1131 cap.
1094 1079 1184 1120 39.:
1215 1089 1347 1127 nonne
1376 1078 1482 1121 illius
1512 1080 1647 1129 imago
1664 1081 1739 1120 'est
1766 1079 1938 1133 arboris,
1966 1078 2042 1120 sub
2073 1089 2152 1131 qua
2178 1080 2257 1121 sibi
2285 1078 2389 1120 Attis
2407 1079 2536 1120 virum
2593 1079 2595 1081 ’

87 1144 287 1187 demessis
306 1144 562 1195 genitatibus
603 1144 769 1187 abstulit
796 1147 839 1187 et
876 1155 1022 1198 quam
1057 1149 1280 1188 memorant
1317 1146 1448 1188 divam
1485 1148 1526 1188 in
1562 1147 1748 1188 solatium
1785 1148 1851 1190 sui
1888 1156 2165 1189 consecrasse
2191 1146 2455 1189 moeroris‘e‘
2475 1162 2535 1177 ‘—

86 1213 211 1256 ibici:
241 1214 437 1266 lanarum,
467 1213 611 1265 quibus
641 1214 735 1256 Jon
766 1214 1019 1256 deficientem
1048 1216 1268 1257 contexitf‘
1309 1216 1358 1257 al.
1397 1217 1465 1257 Ja.
1507 1216 1555 1258 al.
1588 1217 1723 1267 jam.
1745 1216 1831 1258 cod.
1870 1217 1994 1269 Jam,
2026 1216 2131 1268 quod
2158 1215 2448 1266 Hildebrandus
2478 1238 2532 1245 -

59 1296 71 1301 ”
88 1282 187 1336 quid
213 1284 321 1325 enim
358 1282 415 1324 illi
451 1283 638 1324 inausum
676 1285 747 1338 aut
783 1284 1145 1325 intentatum?—-
1184 1285 1497 1346 „nominativum
1529 1294 1626 1326 esse
1664 1284 1818 1337 puellae
1856 1284 1974 1326 istius
2012 1284 2215 1328 nominis“
2252 1287 2438 1338 opinatus
2472 1286 2537 1326 est

85 1362 126 1404 p.
156 1352 254 1393 439.
285 1362 347 1403 sq.
407 1351 489 1392 Sed
516 1353 625 1392 enim
654 1351 854 1393 Arnobius
884 1351 1040 1393 videtur
1069 1353 1260 1404 scriptum
1289 1352 1523 1404 reliquisse:
1562 1352 1706 1405 quibus
1730 1351 1802 1394 Ja
1831 1352 1941 1405 (non
1969 1353 2136 1406 cybele,
2174 1356 2218 1395 ut
2246 1355 2384 1394 narrat
2412 1351 2539 1395 Cerda

37 1441 40 1446 ,
86 1420 130 1462 in
158 1419 257 1461 Aen.
286 1419 313 1461 l.
344 1419 403 1472 d.)
429 1420 537 1472 jam
566 1419 912 1462 deficientem
941 1420 1090 1473 (Attin)
1121 1422 1307 1463 contexit.
1311 1420 1338 1443 ‘⁶
2148 1436 2149 1439 ¹

295 1488 409 1530 Licet
432 1490 518 1540 jam
546 1489 687 1541 paucis
718 1488 926 1530 absolvere
957 1490 1078 1530 etiam
1107 1489 1155 1534 de
1185 1491 1235 1530 iis
1264 1489 1378 1542 locis,
1410 1500 1509 1542 quos
1539 1489 1776 1532 emendandi
1803 1490 1901 1549 mihi
1920 1490 2062 1541 Nauae
2079 1490 2256 1532 fabulam
2275 1491 2536 1544 pertractanti

87 1567 239 1602 caussa
269 1557 363 1599 data
393 1560 469 1598 est.
514 1557 598 1599 Hoc
629 1558 735 1599 enim
762 1569 834 1610 per
852 1558 980 1609 ipsam
1004 1558 1287 1610 jucundissimi
1307 1558 1520 1601 sodaliticii
1547 1558 1666 1601 fidem
1687 1545 1954 1608 confitendum
1982 1562 2046 1601 est
2072 1560 2287 1611 insigniter
2313 1570 2386 1612 per
2402 1558 2536 1601 omnia

64 1626 400 1685 ·Hildebrandum
429 1627 467 1666 ei
497 1626 718 1668 studiorum
747 1620 990 1677 disciplinae
1009 1625 1205 1679 defuisse,
1234 1637 1312 1678 qua
1331 1627 1442 1671 Halis
1463 1629 1619 1668 institui
1638 1638 1728 1669 eum
1748 1631 1932 1681 coeptum
1951 1639 2045 1670 esse
2064 1630 2311 1670 reminiscor.
2351 1628 2395 1669 Js
2412 1628 2537 1679 igitur

80 1700 180 1750 pag.
214 1682 308 1736 156.
339 1704 426 1747 cap.
458 1695 520 1735 3.:
527 1693 662 1747 Quid,
692 1694 797 1745 quod
826 1695 1007 1746 sequitur
1034 1694 1154 1736 fidem
1182 1698 1314 1739 sumet
1341 1698 1424 1737 tam
1443 1696 1705 1748 improvidum
1733 1697 1863 1739 fuisse
1883 1696 2141 1738 διιιιιιιιιιιιιιιι
2169 1697 2271 1738 haec
2290 1697 2419 1749 potuit
2444 1705 2534 1749 pro·

86 1766 303 1812 nunciare:
330 1766 428 1805 nota
457 1763 670 1804 dictionem
698 1762 857 1804 fidem
887 1774 1088 1804 sumere
1118 1775 1189 1817 pro
1219 1764 1377 1805 fidem
1407 1766 1637 1819 eripere,
1668 1765 1995 1807 detraheref‘
2040 1765 2148 1814 Quod
2169 1767 2235 1818 qui
2255 1765 2403 1815 retulit
2416 1765 2533 1807 Idem
2587 1813 2594 1823 ,

86 1832 244 1886 videtur
273 1831 522 1879 confutasse.
581 1832 630 1872 Jn
659 1831 796 1872 codiee
828 1834 892 1872 est
922 1834 1087 1872 sumet
1116 1835 1224 1886 aut,
1255 1833 1358 1874 unde
1388 1834 1528 1874 nescio
1558 1843 1610 1874 an
1637 1833 1869 1886 proficiatur
1897 1834 1946 1875 ad
1975 1834 2080 1875 hanc
2100 1834 2536 1878 emendationem-se·

89 1903 223 1955 qnitur
251 1902 457 1944 foedum
486 1900 808 1953 (Drakenborch.
838 1902 880 1941 in
909 1900 990 1941 Liv.
1020 1898 1090 1942 lX.
1113 1901 1213 1954 Epit.
1244 1914 1281 1954 p.
1313 1905 1351 1943 6.
1377 1901 1468 1944 Vol.
1493 1901 1560 1954 V.)
1590 1906 1886 1945 summatem
1916 1906 2002 1944 aut
2030 1906 2111 1944 tam
2131 1902 2539 1955 improvidum-fuisse

87 2040 205 2081 deum
234 2041 454 2091 principem
483 2060 539 2068 —
569 2039 838 2078 summitatem
868 2039 1042 2079 omnium
1070 2038 1630 2088 summorum‘obtinentemf‘
1659 2062 1716 2070 -
1744 2040 1841 2090 Pag.
1874 2041 1968 2080 168.
2000 2049 2085 2091 cap.
2119 2037 2204 2082 18.:
2234 2040 2375 2080 marito
2405 2042 2537 2082 nesci-

87 2109 182 2148 ente
213 2108 405 2149 seriam
433 2107 535 2147 meri
563 2105 733 2147 ebiberit
760 2105 960 2158 plenam.“
1003 2102 1176 2149 Hildebr.
1208 2120 1244 2159 p.
1266 2109 1363 2149 448.
1394 2107 1657 2149 seriolam.
1688 2107 1783 2150 Cod.
1814 2119 1865 2149 se
1895 2109 2101 2148 mariam
2129 2108 2253 2147 meri
2284 2107 2409 2158 (conf.
2431 2118 2538 2161 quae.

87 2185 214 2230 supra
243 2175 293 2218 ad
323 2185 409 2229 cap.
442 2177 479 2216 6.
509 2185 546 2228 p.
578 2175 643 2217 73.
693 2173 799 2216 dicta
828 2176 954 2224 sunt).
1015 2174 1125 2225 Quod
1154 2175 1326 2218 dubitari
1355 2178 1491 2229 potest
1519 2186 1572 2218 an
1600 2178 1779 2230 praestet
1807 2177 1984 2219 converti
2012 2177 2052 2218 in
2081 2176 2121 2218 id
2149 2175 2397 2230 vocabulum,
2433 2177 2538 2231 quod

86 2245 196 2288 iufra
225 2247 337 2287 extat
364 2243 437 2285 Vll.
466 2255 504 2297 p.
535 2244 630 2285 235.
661 2254 747 2297 cap.
778 2244 845 2285 29.
877 2244 1020 2297 (bria
1059 2268 1113 2274 —-
1151 2245 1403 2287 semibria
1442 2266 1495 2276 -
1533 2245 1764 2299 hebria).
1794 2245 1917 2298 Cang.
1956 2245 2131 2298 Glossar.
2169 2245 2197 2287 Ι.
2236 2258 2274 2300 p.
2314 2246 2410 2288 620.
2446 2245 2535 2288 add.

89 2315 246 2357 Charis.
277 2326 315 2368 p.
347 2315 415 2355 63.
446 2313 494 2365 (Ι.
530 2311 594 2366 17,
626 2314 694 2354 57.
723 2325 760 2365 p.
791 2314 903 2367 46.):
943 2314 1129 2356 hebria
1165 2317 1230 2356 est
1266 2324 1339 2356 vas
1374 2314 1613 2359 vinarium.“
1671 2312 1837 2368 Apulej:
1853 2315 1902 2356 de
1941 2315 2043 2367 Mag.
2082 2326 2119 2369 p.
2159 2314 2254 2358 312.
2294 2315 2380 2357 cod.
2410 2315 2538 2359 Flor.:

32 2404 35 2409 ·
90 2385 241 2428 ebria
270 2383 349 2424 sibi
368 2387 523 2435 temper
547 2381 660 2422 are.“
680 2381 936 2423 Lindemann.
967 2384 1008 2423 in
1039 2383 1192 2431 Charis.
1222 2395 1260 2436 p.
1290 2384 1360 2425 28.
1390 2386 1472 2425 not.
1502 2384 1542 2425 2.
1574 2404 1623 2413 -
1656 2382 1871 2434 Pag.-1⁷3.
1893 2393 1979 2437 cap.
2008 2384 2097 2428 23.:
2129 2381 2342 2425 ullamehs
2370 2386 2542 2428 inveniri

89 2458 174 2497 tam
188 2452 430 2503 irreligiosis
448 2453 584 2504 potest
599 2450 849 2503 opinionibus
864 2462 889 2503 p
901 2461 988 2492 rae
1001 2451 1117 2493 dita.
1153 2451 1347 2501 Hildebr.,
1364 2452 1470 2504 quod
1493 2453 1609 2493 extra
1624 2451 1834 2505 fidemcst,
1850 2462 1972 2505 «prae
1984 2453 2090 2494 diat
2102 2462 2125 2493 a
2144 2453 2207 2493 vel
2224 2453 2537 2506 praeditata.

91 2523 186 2566 Coti.
216 2521 532 2575 praedicata
560 2520 600 2560 id
632 2522 709 2571 est,
738 2521 781 2559 ut
810 2529 886 2569 ego
917 2519 1100 2572 arbitror,
1128 2521 1436 2572 praeligata
1455 2520 1595 2572 (conf.
1616 2520 1778 2562 Sueton.
1801 2520 1922 2571 Calig.
1948 2519 2011 2562 19.
2034 2520 2294 2563 collocatis.
2325 2512 2402 2566 duo
2423 2522 2537 2565 codd.

91 2591 189 2635 oud.
212 2602 247 2644 p.
265 2591 361 2631 496.
379 2588 637 2638 colligatis.
650 2587 749 2628 Plin.
765 2587 831 2639 Ep.
849 2586 943 2627 Vlll.
960 2584 1029 2640 21,
1045 2588 1107 2640 5),
1127 2591 1170 2628 ut
1185 2588 1517 2644 PlautABaccbid.
1534 2588 1563 2629 12
1586 2588 1628 2641 2,
1648 2588 1738 2630 28.:
1760 2599 1782 2630 o
1802 2589 2063 2641 praeligatum
2083 2588 2273 2641 pectus.“·
2287 2590 2393 2632 conf.
2415 2589 2538 2644 Cang.

91 2661 224 2703 Gloss.
248 2658 347 2705 T.,ll.
366 2657 410 2697 P.
432 2657 471 2697 ll.
492 2668 528 2708 p.
551 2657 649 2697 292.
672 2655 943 2707 (Oudendorp.
964 2658 1006 2696 in
1027 2657 1189 2697 Sueton.
1208 2657 1322 2697 Caes.
1353 2660 1419 2698 79.
1441 2669 1478 2709 p.
1512 2656 1605 2698 123.
1622 2656 1733 2706 Valg.
1749 2668 1786 2708 p.
1803 2659 1898 2698 493.
1921 2657 2118 2709 Spart-ian.
2139 2659 2180 2697 in
2198 2659 2281 2698 vlta
2300 2659 2537 2712 iuliani-ap.

91 2730 216 2780 Cang.
247 2726 300 2768 111.
331 2738 367 2778 p.
399 2722 519 2767 291.:
551 2724 771 2776 speculum,
802 2725 843 2764 in
864 2734 941 2774 quo
962 2726 1074 2775 pueri
1095 2725 1329 2776 praeligatis
1351 2725 1476 2766 oculis
1497 2724 1738 2767 incantando
1766 2726 1914 2766 vertice
1934 2726 2136 2776 respicere
2150 2724 2382 2766 dicunturf‘
2408 2725 2537 2769 Gloss.

87 2797 214 2849 Labb.
244 2808 282 2848 p.
318 2793 432 2836 143.:
464 2793 664 2844 Praeligo.
694 2790 1055 2846 προδ,εσμῶ,“
1085 2793 1189 2844 quod
1217 2792 1381 2834 verbum
1410 2803 1514 2834 nunc
1543 2802 1623 2833 non
1653 2792 1808 2845 disputo
1839 2802 1957 2844 quam
1985 2793 2541 2837 inconsideratevirillocti

88 2866 230 2919 Steph.
261 2863 382 2904 Thes.
413 2874 451 2915 p.
485 2860 607 2904 1674.
638 2862 680 2902 Β.
711 2860 796 2903 Vol.
836 2859 895 2900 Vl.
935 2860 1148 2911 rejecerint
1186 2872 1326 2914 parum
1364 2861 1419 2903 illi
1456 2856 1656 2904 recordati
1676 2857 1744 2902 'ab
1784 2861 1925 2903 eodem
1961 2860 2136 2903 Arnobio
2172 2861 2251 2903 dici
2283 2862 2467 2905 homines
2496 2866 2538 2905 et

87 2934 372 2991 praeligatos
403 2934 444 2972 et
472 2930 682 2981 illigatos
714 2928 1175 2982 pravis=religionibus).
1199 2954 1250 2960 —
1272 2930 1372 2981 Pag.
1398 2930 1489 2973 178.
1512 2940 1596 2983 cap.
1618 2930 1710 2973 29.:
1740 2930 1908 2972 eundem
1926 2940 2066 2971 rursus
2088 2928 2285 2984 accipiant
2303 2931 2539 2975 concubitus

89 3004 260 3048 lectulos
290 2992 371 3043 non
402 3010 495 3041 esse
527 2998 811 3051 adspernatum
842 2997 1038 3040 sororisf·
1067 2998 1318 3052 Delechamp.
1350 2998 1583 3041 concubitus
1615 3001 1674 3052 etl
1696 2999 1876 3041 lectulos.
1906 2998 2048 3042 Meurs.
2078 2999 2234 3060 llerald.
2266 3001 2539 3053 accipiant

89 3071 325 3116 lectulos
355 3078 461 3109 non.
492 3068 579 3108 cod.
607 3063 1007 3120 aspernaturoS‚
1047 3076 1146 3117 quae
1177 3067 1443 3108 Hildebrando
1481 3079 1514 3119 p.
1545 3069 1639 3109 468.
1669 3067 1746 3109 fuit
1774 3068 1962 3109 materies
2000 3068 2078 3109 hac
2113 3068 2276 3110 licentia
2305 3068 2538 3118 grassandi:

89 3138 391 3184 concubitus
429 3136 682 3187 legitimos
716 3136 972 3188 [illicitos,
1003 3134 1314 3177 illaetabiles
1345 3136 1484 3178 Senec.
1506 3135 1647 3178 Troad.
1676 3148 1710 3178 v.
1732 3135 1844 3189 86l.]
1876 3148 1955 3178 non
1984 3147 2077 3177 esse
2108 3136 2391 3188 adspernatum
2419 3146 2538 3178 suae

90 3210 265 3258 sororis:
295 3205 532 3247 lectulos
562 3227 616 3235 —-
649 3204 934 3257 adspernatum
959 3204 1181 3255 justos.“
1212 3204 1365 3253 Quanto
1405 3206 1535 3256 magis
1574 3206 1615 3247 in
1643 3207 1825 3258 promptu
1860 3205 1937 3247 fuit
1975 3215 2115 3246 vocem
2155 3205 2537 3256 aspernaturos

89 3350 159 3391 est
185 3344 303 3387 vobis
335 3344 538 3393 cognitum
565 3342 630 3384 vel
658 3342 763 3384 unde
793 3343 1018 3383 intimatum
1048 3343 1100 3383 inf
1119 3343 1327 3386 consilium
1350 3344 1575 3394 ¹scriptores
1596 3343 1841 3384 advocavere
1869 3353 1942 3383 vos
1971 3365 2028 3372 —
2058 3341 2212 3383 scilicet
2230 3333 2373 3388 tumin
2401 3345 2541 3386 eorum

89 3413 322 3473 pectoribus
351 3410 573 3453 latitabatis
590 3410 637 3451 ?“
658 3410 708 3452 al.
739 3420 811 3451 vos
841 3410 998 3452 scilicet
1018 3412 1107 3451 aut
1135 3412 1244 3453 tum.
1260 3411 1322 3453 ‘al
1352 3411 1597 3469 scilicet?
1633 3414 1745 3453 tum.
1776 3410 1824 3453 al.
1852 3407 1973 3454 vos?
2002 3411 2091 3451 aut
2119 3412 2231 3452 tum.
2260 3409 2417 3453 Herald.
2441 3418 2539 3450 vos

89 3481 343 3530 scilicet?
374 3483 462 3523 aut
490 3482 601 3522 tum.
632 3478 804 3523 Hildebr.
834 3479 954 3523 vos?
997 3478 1097 3523 Vos
1129 3478 1343 3525 scilicet
1371 3482 1482 3525 tum.
1514 3479 1604 3523 Cod.
1636 3479 1894 3523 advocare
1933 3488 2024 3521 vos
2064 3480 2232 3521 sutum
2264 3479 2329 3556 ιιιι
2352 3486 2542 3521 eorum.
