2812 3748
1236 283 1577 332 -24-

80 415 112 508 f]
178 441 367 483 Lucan.
396 441 443 482 11.
474 443 571 483 610.
601 452 640 493 Ρ.
675 442 797 483 168
821 439 1004 481 Theseus
1026 440 1251 482 —dimisit
1277 448 1369 483 eam
1396 441 1440 481 in
1468 439 1596 482 Chio
1616 440 1777 483 insula“
1797 451 1899 493 quae
1927 442 2061 483 fuerat
2089 441 2207 498 Dia,
2236 442 2346 485 facta
2366 445 2437 485 est
2457 441 2632 495 Chio&

162 510 479 573 depravaretur,
506 511 641 573 possit
667 509 813 561 aliquis
842 509 1098 561 interpretari
1123 508 1255 551 fuisse
1284 506 1488 550 schiavi
1515 507 1704 560 (diavi)
1733 509 1981 562 adscriptum
2009 510 2059 552 ab
2086 511 2190 553 Italo
2221 510 2351 564 aliquo
2390 512 2634 564 interprete3

81 574 111 641 1ῑὲ
178 580 239 619 sic
269 579 377 620 enim
416 578 586 620 alterum
623 579 853 619 vinosorum
891 579 1151 628 granatorum
1188 586 1316 629 genus
1357 574 1408 619 ab
1445 575 1628 619 Etruscis
1668 575 1787 620 hodie
1817 579 2091 629 cognominari
2119 581 2292 622 testatur
2328 577 2558 621 Matthiolus
2591 580 2635 620 in

87 627 117 698 {sss
179 646 405 688 Dioscorid.
429 658 473 698 p.
503 648 599 688 205.
628 646 673 686 P.
702 646 732 687 1.
762 644 950 687 Schneid.
994 645 1020 686 l.
1050 645 1089 686 d.
1119 645 1321 694 Quoniam.
1343 647 1478 686 autem
1514 644 1702 697 exposita
1740 644 1877 687 Nanae
1905 646 2044 690 fabula
2072 648 2256 701 apparuit
2274 649 2523 702 ,punicorum
2550 657 2649 689 mu-s

163 715 309 775 =lorum
337 717 581 757 mentionem
609 717 651 755 et
670 712 730 755 ad
757 713 906 755 Bacchi
933 716 976 753 et
1004 712 1056 754 ad
1083 713 1221 754 Rheae
1250 722 1371 755 sacra
1398 711 1513 754 valde
1542 713 1802 766 pertinuisse,
1831 715 1951 756 simul
1979 715 2080 757 illud
2100 704 2357 769 perspicuum
2375 715 2529 758 factum
2554 718 2635 769 est,

87 792 97 838 5}
180 795 254 826 cur
283 778 522 827 Bacchicum
554 784 724 834 antrum,
754 783 797 824 in
826 792 903 834 quo
923 780 1121 824 Venerem
1139 791 1257 834 poma
1285 781 1437 833 legisse
1458 790 1581 832 supra
1609 779 1997 836 demonstravimus,
2013 785 2179 827 Idaeum
2199 785 2432 836 Propertius
2461 785 2634 827 voluerit

81 872 111 912 43
178 864 288 894 esse.
347 852 523 903 Namque
561 851 635 891 Jda
675 855 717 892 et
753 850 1041 892 Bacchicorum
1080 859 1288 891 sacrorum
1327 847 1561 891 celebritate
1598 848 1712 891 clara
1748 848 1826 891 fuit
1863 849 2018 904 (Eurip.
2058 851 2218 901 Palam..
2246 852 2297 895 fr.
2335 850 2415 895 Vll.
2454 863 2493 906 p.
2538 854 2634 895 249.

88 940 90 956 2
177 910 403 967 Διόνυσος
432 942 487 949 -
517 912 587 959 ἄν’
620 913 748 961 Ἴδαν
777 919 988 972 τέρπεται
1020 914 1105 959 σὺν
1133 919 1267 972 ματρὶ
1296 915 1407 972 φίλᾳ
1436 917 1545 975 conf.
1572 916 1747 959 Schoen.
1779 918 1828 959 de
1856 918 2166 971 Eurlp.‘Bacch.
2199 932 2233 963 c.
2263 922 2309 963 X.
2348 932 2388 973 p.
2429 923 2523 964 119.
2552 923 2636 974 ⁸11.)

108 1010 110 1027 z
178 992 223 1031 et
251 989 423 1039 Cybelae
453 989 581 1028 antris
611 990 799 1040 augusta,
829 986 881 1029 de,
908 985 1053 1038 quibus
1085 987 1212 1027 antris
1243 985 1345 1027 dixit
1372 985 1645 1028 Schneiderus
1676 987 1718 1028 in
1745 985 1930 1027 Nicandr.
1960 987 2144 1039 Alexiph.
2173 991 2211 1030 8.
2242 1001 2281 1041 p.
2311 991 2379 1030 79.
2408 999 2469 1041 sq.
2490 992 2635 1034 ethos

181 1059 362 1106 Quaestt.
396 1056 505 1096 Critt.
534 1057 578 1096 in
607 1056 725 1096 Anth.
758 1055 820 1095 Gr.
851 1064 889 1106 p.
924 1056 988 1095 17.
1019 1064 1080 1106 sq.
1111 1053 1272 1107 (Progr.
1307 1053 1451 1107 1844.)
1480 1052 1586 1095 conf.
1625 1063 1664 1106 p.
1699 1054 1782 1111 12.
1822 1053 1933 1104 Quae
1970 1064 2093 1108 quum
2131 1058 2188 1098 ita
2215 1055 2331 1110 sint,
2367 1068 2447 1100 non
2487 1059 2638 1098 temere

81 1113 93 1169 ’ἕ
179 1115 338 1177 affirmo
366 1125 421 1176 id,
450 1124 557 1176 quod
586 1114 1088 1175 tenent'Propertiilibri:
1122 1124 1290 1175 naica,
1319 1124 1479 1162 nauta
1508 1121 1657 1174 (Palat.
1688 1123 1827 1176 prim.,
1866 1121 1909 1164 id
1937 1126 2015 1177 est,
2044 1127 2194 1177 ut—ego
2224 1125 2417 1178 arbitror,
2446 1125 2636 1178 nauca)

88 1191 113 1238 ’ἲ
179 1195 334 1247 dona,
364 1194 589 1245 antiquitus
617 1192 812 1234 Nanica
850 1191 982 1233 fuisse
1021 1193 1217 1242 scriptum
1246 1191 1353 1232 conf.
1385 1190 1494 1231 ovid.
1526 1190 1635 1231 Fast.
1667 1189 1692 1230 l.
1720 1191 1756 1231 d.
1795 1191 1866 1235 Ut
1901 1190 2103 1233 Nanica
2130 1194 2372 1247 pomaxvel
2399 1196 2532 1245 potius
2561 1194 2635 1245 (ne
2687 1225 2694 1234 .

179 1265 248 1304 cui
273 1272 414 1304 vocem
442 1270 607 1319 poma,
627 1262 667 1302 in
709 1260 840 1301 locum
879 1260 989 1300 vocis
1019 1258 1171 1300 dona‘
1189 1258 1377 1300 sufficere
1416 1258 1517 1299 velle
1554 1257 1759 1319 rideamur
1796 1257 1964 1311 proclivi
2003 1268 2104 1304 sane
2138 1260 2325 1304 instituto
2352 1262 2563 1316 Burmann.
2592 1262 2634 1302 in

86 1341 98 1372 *i
179 1326 407 1376 Nemesian.
437 1330 526 1377 Ecl.,-
550 1329 613 1370 111.
643 1330 711 1369 38.
740 1338 778 1380 p.
809 1328 928 1380 514.)
958 1326 1088 1368 dona
1116 1327 1389 1378 intelligantur
1416 1336 1562 1380 poma,
1600 1336 1768 1379 quorum
1806 1337 1970 1379 compos
2008 1326 2121 1369 facta
2156 1328 2292 1371 Venus
2319 1330 2480 1373 Aeneae
2508 1334 2638 1372 mater

86 1399 98 1456 '5
181 1401 326 1454 extitit,
355 1401 402 1441 ut
429 1399 555 1448 Atyos
585 1397 708 1450 Nana,
740 1406 842 1449 quae
871 1396 1027 1438 illorum
1055 1397 1136 1438 vim
1162 1406 1371 1448 pomorum
1399 1397 1573 1437 maxime
1601 1395 1859 1451 praedicatur
1886 1399 2055 1448 experta
2079 1397 2212 1439 fuisse
2243 1398 2375 1451 (conf.
2393 1398 2513 1451 orph.
2532 1398 2637 1440 Lith.

91 1475 115 1524 ς
181 1473 251 1524 19,
283 1471 319 1511 1.
348 1479 390 1521 p.
420 1469 519 1509 350.
543 1460 678 1521 ἐδάην
698 1466 771 1506 καὶ
800 1461 1041 1519 βακχικὰ
1072 1463 1279 1519 νευρῖταο
1306 1462 1468 1518 Δῶρα
1487 1461 1658 1505 λίθου
1679 1460 1906 1524 Βρομίῳ
1937 1460 2343 1524 κεχαριοᾲιένα.
2402 1467 2639 1521 „Tirynthia

86 1523 115 1586 ἐῖ
179 1538 305 1585 luna“
335 1537 437 1578 Stat.
458 1536 552 1578 Silv.
582 1535 647 1577 lV.
680 1538 720 1588 6,
754 1537 818 1576 16.
848 1534 1006 1575 Gevart.
1036 1535 1078 1576 in
1098 1533 1193 1576 silv.
1222 1533 1251 1573 Ι.
1283 1534 1321 1573 3.
1351 1543 1390 1585 p.
1424 1534 1518 1574 106.
1546 1531 1592 1574 A.
1622 1531 1798 1576 Gronov.
1812 1531 1935 1575 Diatr.
1965 1532 1995 1575 1.
2024 1543 2063 1587 p.
2094 1535 2193 1578 437.
2213 1535 2448 1588 Hertzberg.
2471 1534 2632 1586 Quaest.

88 1637 97 1662 ,
181 1609 303 1660 Prop,
332 1605 380 1648 11.
410 1606 450 1647 4.
478 1616 517 1658 p.
547 1604 616 1647 72.
655 1605 751 1656 sq..)
812 1602 920 1652 Quae
951 1604 1057 1643 enim
1084 1603 1126 1643 in
1154 1603 1298 1653 punico
1328 1601 1433 1643 malo
1462 1602 1601 1642 inesse
1629 1602 1691 1641 vis
1712 1611 1861 1641 arcana
1891 1602 2044 1642 credIta
2072 1604 2143 1655 sit,
2162 1592 2393 1654 significant
2410 1603 2636 1646 Pausanias

89 1696 90 1699 ¹
179 1677 228 1722 11.
261 1677 329 1728 17,
358 1676 400 1716 4.
432 1684 471 1726 Ρ.
501 1673 599 1714 273.
629 1670 738 1713 sieb.
765 1669 860 1712 τῶν
889 1668 1049 1724 χειρῶν
1076 1668 1138 1744 τῇ
1159 1669 1242 1723 μὲν
1270 1664 1446 1724 καρπὸν
1475 1667 1601 1723 φέρει
1633 1669 1659 1720 (
1661 1662 1826 1723 Ἥρα),
1855 1667 1910 1728 τῇ
1940 1666 1989 1710 δὲ
2018 1668 2256 1726 σκῆπτρον·
2285 1668 2344 1712 τὰ
2368 1671 2453 1724 μὲν
2480 1663 2565 1713 οὖν
2594 1668 2639 1719 ἐς
2696 1707 2705 1709 -

115 1748 124 1783 Τ
176 1742 259 1799 τῆν
286 1739 420 1798 ῥοιὰν
451 1733 826 1794 (ἂπορῤητότερος
854 1732 936 1792 γάρ
966 1735 1089 1779 ἐστιν
1118 1728 1142 1777 ὅ
1173 1731 1323 1789 λόγος)
1356 1728 1568 1792 ἀφείσθω
1597 1749 1673 1790 μοι
1700 1740 1743 1777 et
1770 1737 2135 1780 Artemidorus
2179 1738 2209 1780 Ι.
2240 1739 2309 1781 73.
2338 1750 2377 1792 p.
2410 1740 2503 1782 102.
2532 1736 2637 1794 ῥοαὶ

180 1814 230 1858 δὲ
257 1804 528 1886 τραυμάτων
558 1805 646 1851 εἶσὶ
676 1810 943 1862 σημαντικαῑ
973 1802 1050 1848 διὰ
1078 1801 1131 1847 τὸ
1153 1803 1309 1861 χρῶμα
1340 1805 1465 1858 [conf.
1486 1805 1660 1847 Pausan.
1680 1809 1722 1846 et
1750 1805 1937 1847 Philostr.
1976 1807 2015 1847 ll.
2045 1817 2169 1859 supra
2200 1808 2304 1861 citt]
2334 1830 2390 1837 ——
2420 1811 2494 1874 καὶ
2535 1807 2638 1849 ὅου.

114 1919 118 1934 ᾗ
179 1884 301 1931 λείας
329 1880 405 1922 καὶ
432 1869 658 1931 ὑποταγῆς
686 1872 763 1917 διὰ
791 1871 875 1918 τὸν
902 1873 952 1917 ἐν
974 1867 1201 1916 Ἐλευσῖνι
1228 1866 1375 1925 λόγον.
1436 1869 1634 1928 Περσικὰ
1662 1871 1711 1915 δὲ
1740 1876 1813 1914 καὶ
1843 1869 2096 1929 βερεκόκκια
2141 1875 2290 1930 [Gloss.
2320 1875 2442 1918 Labb.
2472 1888 2510 1929 p.
2544 1879 2637 1918 150.

114 1960 132 2011 Ξ.
161 1953 330 1998 pruma.
371 1948 603 2003 βερέιιοκκα
646 1968 701 1976 -—-
744 1938 1009 1999 κοκκύμηλα]
1050 1945 1125 1984 καὶ
1161 1937 1350 1996 κεράσια
1388 1944 1462 1983 aaz
1500 1936 1656 1985 πάντα
1684 1938 1742 1984 τὰ
1773 1937 1911 1996 ὅμοια
1954 1965 2012 1979 ...-
2052 1945 2344 2000 προςκαίρους
2371 1936 2536 1999 ἦδονοὶς
2564 1949 2638 1986 καὶ

181 2014 366 2067 ἆπατας
393 2016 617 2071 σημαινει.
648 2037 702 2044 ——
734 2010 975 2066 Συκάμινα
1004 2010 1053 2052 δὲ
1080 2007 1139 2052 τὰ
1168 2004 1286 2052 αὐτὰ
1315 2014 1414 2058 ταῖς
1442 2007 1567 2065 ῥοαῖς
1596 2012 1817 2064 σημαίνει·
1850 2002 1873 2052 ὅ
1905 2010 1954 2052 δὲ
1982 2009 2152 2066 καρπὸς
2190 2010 2284 2054 ἐπὶ
2321 2011 2394 2069 τῷ
2424 2012 2638 2070 δένδρῳ

106 2083 111 2101 ⁵
181 2087 265 2145 τὴν
305 2082 467 2141 γενεὰν
508 2082 590 2126 τοῦ
634 2078 807 2130 ἰδόντος
850 2081 1072 2135 σημαίνει·
1119 2074 1233 2121 ὅθεν
1271 2072 1462 2126 εὗθαλὲς
1489 2079 1573 2132 μὲν
1602 2072 1657 2120 ὂν
1686 2072 1865 2130 ἀγαθον
1892 2094 1936 2121 τι
1966 2075 2185 2135 ἐσομενον
2213 2077 2535 2137 προαγορεύεις
2577 2085 2638 2124 sic

111 2189 114 2196 .
182 2162 293 2204 enim
320 2152 605 2203 emaculandus
634 2155 698 2194 est
725 2153 760 2193 is
789 2151 902 2194 locus
931 2149 1008 2192 vid.
1050 2147 1175 2191 Theb.
1214 2147 1379 2195 Parad,
1401 2147 1542 2190 coron.
1571 2147 1673 2190 XXI.
1702 2159 1740 2200 p.
1772 2150 1868 2191 437.
1926 2148 2026 2192 Add.
2052 2150 2308 2204 'Boettigerq
2344 2161 2462 2203 quem
2499 2152 2636 2193 laudat

96 2261 99 2265 ,
185 2227 426 2272 Siebclisius
454 2225 498 2266 in
524 2222 646 2265 Paus.
675 2222 700 2262 l.
730 2220 767 2262 d.
795 2230 833 2273 p.
864 2219 960 2261 204.
992 2218 1098 2260 conf.
1135 2217 1280 2259 Meum.
1320 2216 1527 2271 Eleusvc.
1561 2218 1626 2258 15.
1657 2228 1694 2268 p.
1730 2218 1821 2260 128.
1855 2217 1983 2260 Olear.
2013 2220 2054 2260 in
2086 2217 2276 2261 Philostr.
2306 2218 2383 2260 Vit.
2412 2219 2537 2272 Apoll.
2572 2220 2634 2261 lv.

96 2323 99 2348 z
186 2300 256 2340 28.
284 2308 323 2349 p.
357 2292 451 2338 168.
482 2302 544 2345 sq.
574 2289 732 2333 Jacobs.
762 2291 805 2331 ιιι
831 2289 986 2340 Jmagg.
1017 2287 1067 2330 11.
1094 2287 1162 2330 29.
1193 2297 1231 2339 p.
1263 2286 1360 2328 553.
1391 2294 1453 2337 sq.
1564 2297 1572 2301 ’

1213 2447 1457 2553 caput
1489 2486 1623 2541 IV.

188 2604 380 2671 Nymphae
404 2601 608 2640 Naiadas
632 2608 669 2637 et
693 2599 901 2655 Dryades
925 2609 1116 2646 perperam
1134 2599 1229 2634 inter
1245 2609 1286 2634 se
1310 2596 1498 2634 confusae.
1545 2596 1686 2644 Hylas
1713 2604 1836 2645 raptus
1862 2610 1883 2634 a
1899 2597 2117 2644 Naiadibum
2136 2610 2228 2645 quas
2253 2599 2397 2646 quidam
2413 2597 2639 2668 Κρημῖὅας

279 2674 342 2711 aut
370 2654 640 2762 κίίιιμὲνιᾶδας,
678 2668 741 2706 alii
771 2645 1010 2714 Ῡὸριᾶὅας
1041 2674 1188 2705 vocant.
1255 2665 1437 2704 Naiadum
1477 2666 1625 2712 nomina
1664 2679 1686 2702 a
1725 2666 1858 2736 plantis
1895 2667 2024 2712 ducta,
2065 2672 2105 2703 ut
2143 2668 2378 2708 Clematie
2443 2653 2638 2714 Νυμφαι

303 2735 427 2777 χορτ
476 2734 521 2769 ες
790 2744 793 2748 ⁴

112 2875 115 2886 .
392 2849 505 2891 Licet
529 2848 615 2900 jam
642 2845 835 2899 reddere,
871 2853 974 2897 quae
1012 2853 1135 2897 supra
1172 2854 1211 2896 p.
1241 2841 1309 2886 21.
1339 2844 1381 2884 et
1417 2841 1487 2883 23.
1516 2841 1772 2893 promisimus
1802 2852 1878 2891 nos
1908 2842 2099 2885 allatums
2130 2842 2181 2885 ad
2209 2852 2300 2887 eum
2328 2843 2535 2888 doctorum
2564 2844 2638 2887 ho-

91 2896 115 2968 3¹
159 2941 168 2945 ³
188 2922 353 2964 minum.
367 2929 545 2961 errorem
574 2917 693 2960 simul
721 2920 764 2958 et
783 2913 1091 2958 contestandum
1119 2916 1160 2953 et
1187 2911 1483 2964 corrigendum,
1503 2921 1582 2962 quo
1601 2911 1848 2952 diversarum
1868 2912 2137 2964 Nympharum
2156 2912 2335 2954 delectus
2354 2916 2397 2956 et
2424 2906 2640 2956 discrimen

92 2997 102 3030 τε
187 2991 414 3033 removetur
433 2993 483 3031 ac
510 2985 684 3039 tollitur-3
712 2984 837 3027 veluti
863 2992 989 3024 ausus
1020 2986 1084 3023 est
1111 2980 1361 3031 Verheykius
1392 2983 1434 3022 in
1453 2979 1638 3021 Antonin.
1668 2979 1753 3021 Lib.
1784 2982 1851 3021 31.
1881 2992 1920 3032 p.
1954 2980 2047 3023 136.
2077 2981 2216 3023 Mureti
2245 2984 2287 3024 in
2315 2982 2455 3024 CatulL
2485 2992 2525 3035 p.
2555 2983 2639 3034 57.,

93 3052 116 3107 ².
188 3063 234 3101 ut
260 3058 430 3111 videtin,
459 3066 612 3099 memor
639 3054 744 3097 haec
773 3052 1000 3096 affirmare:
1041 3050 1342 3101 Hamadryades
1391 3058 1687 3102 nonnumquam
1725 3049 1774 3091 de
1814 3049 2021 3102 quibusvis
2051 3050 2270 3104 Nymphis“
2310 3050 2425 3103 (nam
2444 3045 2639 3100 Heynmm

99 3129 117 3172 ζ
189 3131 232 3169 ιιι
259 3127 370 3178 Virg.
397 3127 551 3176 -Gcorg.
592 3124 656 3167 lv.
694 3125 792 3164 343.
830 3134 869 3175 p.
910 3122 1008 3163 654.
1050 3123 1170 3171 atque
1208 3120 1463 3160 Ouwensium
1501 3118 1629 3160 Noctt.
1648 3118 1758 3170 flag.
1802 3118 1866 3160 ΙΙΙ.
1897 3119 1964 3160 22.
1993 3129 2031 3171 p.
2064 3120 2161 3161 605.
2201 3128 2306 3161 nunc
2334 3119 2508 3171 omitto).
2567 3118 2640 3167 Qui

189 3206 305 3239 eaor
346 3204 538 3236 manasse
579 3204 631 3234 ex
672 3191 970 3233 Pausaniae
1012 3189 1267 3241 potissimum
1303 3188 1392 3229 loco
1430 3186 1587 3228 videtur
1622 3187 1749 3230 hocce
1778 3187 1879 3229 vni.
1902 3189 1944 3239 4,
1973 3187 2028 3228 2.
2025 3196 2093 3239 p.
2111 3188 2208 3239 ²⁷9·
2238 3184 2347 3228 Sieb.
2377 3185 2642 3242 συνοικῆσαι

116 3310 117 3314 ,
189 3264 240 3308 δὲ
268 3256 323 3308 οὗ
351 3261 497 3322 θνητῇ
527 3262 699 3312 γυναικὶ
729 3253 893 3311 αὐτὸν,
934 3251 1051 3300 duci
1088 3250 1236 3314 νύμφῃ
1266 3249 1453 3311 Δρυάδι
1476 3252 1639 3306 ἔλεγον·
1684 3250 1891 3312 Δρυάδας
1913 3253 2000 3310 γὰρ
2030 3252 2082 3309 dv)
2111 3258 2187 3297 καὶ
2209 3248 2533 3308 Ἐπιμηλιάδας
2559 3254 2641 3302 τὰς

100 3369 104 3390 ί
165 3331 367 3376 ,ἑαυτῶν
405 3325 595 3373 ἐκάλουν
632 3327 825 3376 Ναΐδας·
862 3329 938 3369 καὶ
969 3318 1154 3380 ςΟμῆρῳ
1193 3336 1241 3374 γε
1278 3321 1326 3365 ἐν
1362 3327 1458 3372 τοῖς
1497 3322 1628 3366 ἔπεσι
1658 3321 1850 3366 Ναΐδων
1880 3321 2090 3379 Νυμφῶν
2126 3316 2328 3377 μάλιστα
2355 3319 2450 3365 ἐστι
2478 3318 2638 3379 μνήμη.

114 3404 119 3421 ’
188 3405 381 3447 Nimirum
418 3401 497 3442 hoc
540 3410 566 3440 a
603 3397 806 3440 Pausania
843 3397 944 3438 dici.
982 3405 1107 3445 suas
1146 3393 1397 3445 nymphas
1435 3394 1613 3434 Arcades
1644 3392 1900 3446 appellabant
1936 3392 2146 3442 Dryades“
2184 3390 2340 3433 scilicet
2375 3392 2502 3435 verba
2526 3389 2638 3440 τὰς

148 3459 161 3472 ’
192 3467 415 3516 ἑαυτῶν
443 3478 656 3525 perperam
682 3466 959 3526 interpretati:
1002 3462 1259 3515 Nymphas
1299 3462 1556 3503 Arcadiae
1593 3461 1835 3504 incolas“
1874 3469 1967 3503 cum
1994 3472 2135 3504 omnes
2164 3462 2344 3514 exceptis
2378 3460 2642 3518 Valckenario
