2812 3748
1229 246 1570 303 ..ao-

369 406 415 450 P.
444 408 514 451 30.
540 418 576 450 v.
606 407 647 449 3.-
677 405 743 449 16.
799 404 857 447 De
888 404 989 450 Coo
1017 408 1178 451 nomine
1205 406 1383 452 breviter
1421 409 1747 455 commemoravit
1767 408 1931 453 sebbius
1961 410 2002 452 ln
2027 408 2189 459 Aristid.
2217 409 2274 455 Li:
2300 421 2338 465 ιι.
2367 384 2463 457 580.
2491 409 2618 468 Dind,

165 477 394 521 accuratius
412 475 705 520 ,Lachmannus
735 475 827 528 (pro
859 486 938 528 quo
965 476 1214 520 Boeckhium
1240 488 1277 521 v.
1306 479 1344 521 3.
1372 479 1595 532 nominavi)
1633 479 1676 521 ιιι
1713 478 1869 522 Lucret.
1905 478 1958 522 ιιι.
1994 480 2104 527 374.
2122 490 2164 532 ιι.
2206 479 2318 523 159.ε
2350 481 2510 536 veteres
2535 490 2620 531 non
2694 463 2701 471 ¹

167 554 299 598 pauca
326 543 576 597 diphthongo
606 543 760 586 Graeca
788 547 1008 601 extenuata
1026 546 1289 600 protulerunt,
1318 548 1363 590 ut
1390 546 1642 600 plateam,
1671 557 1990 603 gynaeceum
2019 570 2074 577 —
2093 550 2136 593 ct
2163 547 2270 601 quod
2288 548 2619 599 maximemirum

166 611 373 668 enh-Coo
404 607 491 657 sive
521 612 644 655 Chio
675 612 805 667 (quod
833 615 875 656 in
903 612 1169 659 Ambrosiano
1199 625 1295 658 esse
1324 613 1545 670 Geppertus
1574 614 1674 661 mihi
1700 615 1913 671 indicavit)
1942 616 2180 670 adjectivum
2214 615 2452 667 disyllabum
2486 617 2620 670 priore

166 687 353 735 correpta
383 685 425 723 in
453 682 628 723 Poenulo
658 681 709 728 ιιι.
742 684 782 735 3,
813 685 893 735 86,
924 684 999 724 sed
1028 683 1127 726 Coo
1158 684 1257 725 Stat.
1287 683 1382 726 Silv.
1410 683 1437 728 1.
1466 685 1511 739 2,
1538 685 1634 726 252.
1663 688 1729 727 est
1756 694 1782 727 a
1807 688 1918 728 recto
1932 680 2071 736 ,Κόως
2099 684 2318 738 eodemque
2343 684 2463 734 modo
2491 686 2619 740 scrip-

171 756 259 794 tum
287 753 331 793 ιιι
360 752 440 792 Cic.
470 750 522 791 ad
548 750 666 792 Attic.
695 750 818 802 Epist.
848 750 951 793 libro
980 749 1049 793 lX.
1080 755 1122 804 9,
1150 751 1218 795 2.“
1275 751 1350 799 Qui
1375 752 1456 795 hoc
1483 754 1679 805 reliquum
1698 752 1868 807 habuit,
1896 757 1941 795 ut
1967 754 2157 806 adjiceret
2175 764 2283 806 rem,
2313 762 2433 804 quam
2469 755 2625 795 notavit

168 819 337 862 Bulillus
368 819 410 860 in
439 816 545 861 Fest.
575 817 712 861 Avien.
738 830 774 871 p.
805 820 923 861 330.:
953 821 1066 862 vocis
1097 820 1252 862 Chius
1283 820 1447 863 eosdem
1474 821 1655 864 modulos
1685 834 1781 864 esse
1819 822 1923 874 apud
1958 822 2151 864 Aviennm
2184 821 2291 863 Arat.¹
2318 820 2470 876 Phaem
2499 823 2619 871 25ι.;

169 888 258 930 Huc
287 887 439 929 falcata
470 885 584 930 Chii
611 890 826 939 repserunt
853 897 1006 931 cornua
1033 888 1232 931 monstri“
1261 892 1303 931 et
1334 889 1484 935 1136..
1466 901 1475 912 ·
1507 888 1636 936 Curva
1665 888 1783 935 Chii
1819 889 1932 933 coelo
1961 900 2051 932 cum
2074 892 2254 941 surgunt
2280 876 2450 931 brachia
2476 889 2624 941 signi‘e

169 956 261 1009 lpse
286 957 371 1008 jam
392 955 495 996 addo
516 954 665 1007 Ampel.
688 948 752 999 Vl.
781 967 817 1008 p.
841 956 928 999 14.:
959 956 1114 1010 CooS,
1145 951 1306 1036 Chios?
1325 956 1471 1001 Anecd.
1492 956 1617 999 Cram.
1645 956 1682 1000 ll.
1702 968 1739 1010 p.
1766 956 1923 1010 49,14;
1942 951 2113 1005 Κόος”
2085 969 2229 1012 ονομα
2256 951 2415 998 τόπου·
2445 957 2623 1010 γέγονεν

166 1017 263 1066 δὲ’
237 1020 332 1065 ami
355 1023 430 1077 τῆς
447 1022 566 1070 Κέος
585 1022 730 1083 τροπῇ
750 1023 834 1064 τοῦ
856 1037 878 1065 ε
898 1022 961 1071 εἰς
980 1037 1005 1065 ο
1026 1021 1104 1065 ἐπὶ
1123 1024 1205 1066 τοῦ
1225 1019 1370 1066 αυτοῦ
1391 1024 1738 1078 σημαινομένου.
1769 1024 1884 1066 Cour.
1902 1023 2088 1067 Schneid.
2107 1025 2190 1070 Lat.
2207 1026 2373 1068 Graium.
2393 1024 2431 1066 ll.
2455 1027 2488 1068 ι.
2503 1037 2538 1079 ιι.
2555 1027 2622 1084 77.

375 1090 418 1135 P.
449 1092 517 1134 32.
547 1103 583 1135 v.
613 1093 680 1135 40.
710 1091 934 1136 Miseros
965 1093 1109 1137 elata
1136 1105 1209 1149 per
1236 1092 1384 1146 ignes“
1413 1094 1455 1136 in
1485 1089 1684 1147 Propertii
1711 1091 1800 1142 loco
1828 1092 1994 1135 retinuit
2022 1094 2144 1136 etiam
2161 1093 2434 1146 Musgravius
2438 1095 2481 1138 iu
2501 1081 2624 1147 Soph.

166 1161 310 1204 Electr.
345 1161 436 1203 125.
465 1171 502 1214 ιι.
533 1160 629 1205 372
658 1160 779 1205 Lond.
882 1161 895 1171 '

374 1227 423 1270 P.
453 1232 520 1272 33.
551 1242 586 1272 v.
616 1232 683 1271 34.
741 1232 901 1284 Bajas
931 1240 1097 1283 aquas
1128 1231 1280 1282 dixisse
1312 1228 1546 1285 Propertius
1571 1229 1730 1272 vitietur
1757 1229 1879 1289 ctiam
1908 1229 2066 1273 Steruio
2096 1229 2230 1280 symb.
2260 1230 2311 1273 ad
2342 1231 2510 1274 Gramm.
2537 1229 2622 1273 Lat

170 1297 286 1342 Poet
319 1298 381 1341 18.
411 1311 448 1351 p.
483 1300 569 1352 16.;
597 1310 692 1340 ιιιιιιι
722 1302 860 1341 omitto
890 1300 1199 1342 Hildebrandum
1228 1302 1270 1341 in
1298 1299 1442 1342 Amob.
1470 1300 1520 1341 ιιι.
1554 1300 1616 1340 10.
1644 1310 1680 1350 ιι.
1710 1298 1806 1340 268.
1836 1321 1891 1328 -
1920 1298 1964 1341 V
1994 1298 2079 1341 42.
2100 1299 2263 1340 flavis
2297 1300 2450 1341 vadis
2460 1299 2624 1355 proba-

167 1368 227 1409 vit
255 1366 508 1409 Schraderus
538 1367 742 1409 Animadv.
773 1370 814 1412 ιιι
842 1368 940 1410 Mus.
970 1365 1056 1409 XV.
1097 1380 1133 1420 p.
1161 1368 1255 1411 268.
1286 1378 1345 1419 sq.
1381 1369 1565 1410 nimirum
1592 1366 1741 1407 idcirco
1770 1367 1905 1420 „quod
1942 1366 2151 1409 fluviorum
2188 1366 2394 1420 epitheton
2421 1368 2623 1419 proprium

168 1435 211 1477 id
240 1445 335 1477 esse
366 1445 483 1476 nemo
513 1434 631 1488 paulo
670 1435 882 1484 humanior
919 1434 1103 1489 nescit3‘*
1141 1435 1379 1488 improbavit
1416 1434 1654 1479 Ouwensius
1692 1432 1822 1477 Nocti.
1860 1434 1959 1486 Hag.
1996 1433 2047 1477 lll.
2082 1435 2144 1478 15.
2172 1447 2208 1488 p.
2238 1436 2333 1479 489.
2367 1445 2427 1488 sq.
2455 1434 2558 1479 haec
2586 1445 2624 1488 p.

172 1504 271 1545 482.
301 1507 607 1554 argumentatus
637 1503 927 1556 nequidquam:
972 1502 1098 1552 Quum
1129 1503 1239 1545 color
1273 1503 1402 1544 flavus
1440 1504 1483 1545 ιιι
1510 1503 1628 1555 aquis
1667 1513 1827 1556 semper
1855 1503 1909 1544 sit
1939 1501 1987 1543 ab
2021 1503 2196 1545 excitata
2225 1512 2348 1545 arena
2377 1524 2431 1531 —
2462 1506 2501 1545 et
2530 1502 2626 1557 flu-

171 1573 286 1613 vius
316 1575 461 1613 natura
491 1582 566 1612 sua
597 1573 651 1611 sIt
681 1572 937 1624 adjectivum,
966 1575 1010 1611 ut
1037 1571 1246 1622 pluvius
1277 1574 1318 1611 et
1356 1582 1476 1622 quum
1513 1570 1766 1612 substantive
1804 1569 2121 1612 subandiendum
2156 1574 2326 1623 ponatur
2364 1569 2552 1624 am'nis,
2581 1574 2625 1612 ut
2651 1587 2653 1589 ’

169 1641 212 1682 ιιι
242 1641 407 1692 antiqua
435 1639 608 1682 fluvia
637 1639 733 1682 Non.
761 1639 930 1682 Marcell.
961 1652 996 1692 p.
1026 1639 1127 1682 207.
1158 1641 1223 1682 73.
1254 1638 1515 1692 [Lachmann.
1545 1640 1587 1681 in
1615 1639 1771 1683 Lucret.
1799 1639 1843 1695 V.
1876 1630 1995 1682 1006.
2024 1651 2061 1692 p.
2100 1639 2214 1693 326]
2255 1639 2438 1681 similiter
2466 1649 2527 1691 aq
2540 1648 2624 1691 ua,

44 1694 85 1731 1
170 1711 311 1750 nescio
342 1719 395 1762 an
423 1712 533 1750 recte
563 1708 750 1751 fluviis
780 1710 989 1752 retinuerit
1018 1711 1059 1749 et
1087 1707 1350 1760 explicaverit
1371 1705 1650 1761 PasseratiuS,
1677 1706 1774 1749 licet
1801 1709 1980 1760 argutari
2007 1707 2047 1749 id
2083 1710 2201 1750 vocet
2227 1697 2416 1750 Heinsius
2446 1708 2488 1749 ιιι
2516 1706 2623 1749 Ovid.

170 1778 257 1822 Am.
288 1779 342 1820 llL
374 1781 413 1829 6,
445 1781 482 1820 7.
514 1801 569 1807 -
598 1777 679 1819 Nec
708 1778 839 1829 video,
868 1788 940 1820 cur
967 1778 1100 1818 minus
1129 1780 1239 1819 recte
1270 1775 1506 1829 Propertius
1536 1777 1666 1818 vada
1692 1776 1864 1818 fluvia
1893 1777 2025 1818 dicere
2055 1779 2226 1829 potuerit
2253 1788 2325 1830 pro
2354 1777 2503 1818 vadis
2531 1776 2624 1817 flu-

170 1848 348 1900 minis,
355 1856 502 1899 quam
530 1844 713 1890 Lucanus
743 1844 875 1889 vada
904 1843 1159 1888 fluminea
1187 1856 1259 1898 pro
1289 1845 1430 1888 eodem
1458 1844 1544 1888 Vlll
1574 1843 1669 1888 36.“

381 1912 427 1955 P.
459 1916 524 1955 34.
554 1924 589 1954 v.
619 1912 657 1955 4.
687 1912 783 1954 Add.
812 1913 924 1955 Hom.
954 1912 1020 1954 Od.
1051 1909 1196 1954 XXIV
1235 1913 1300 1955 44.
1339 1906 1616 1969 καθήραντες
1655 1907 1768 1969 χρόα
1806 1908 1944 1955 καλὸν
1974 1907 2134 1954 Ὕδατί
2160 1925 2210 1954 τε
2236 1910 2375 1970 λιαρῷ
2405 1912 2479 1954 καὶ
2507 1904 2625 1954 ἀλεί-

65 2030 69 2043 ,
104 2031 107 2034 Ι
171 1994 296 2039 φατι·
327 1979 474 2023 πολλὰ
503 1981 553 2022 δὲ
583 1974 629 2022 6³
636 1974 756 2035 ἀμφί
782 1976 963 2035 Δάκρυα
977 1977 1140 2035 θερμὰ
1167 1980 1273 2031 χέον
1300 1982 1522 2023 Δαναοὶ
1557 1976 1760 2036 κείροντό
1786 1995 1837 2023 τε
1864 1984 2037 2032 χαιτας.
2070 2003 2124 2011 —
2153 1982 2196 2023 V.
2235 1983 2300 2025 26.
2341 1981 2625 2023 scribendum:

171 2053 337 2103 ignorat
367 2062 470 2093 non
498 2050 668 2092 solum
696 2048 918 2093 Varroni
947 2048 1004 2090 ab
1033 2049 1249 2090 Barthio
1279 2048 1375 2093 Adv.
1400 2047 1501 2092 XLl.
1534 2049 1597 2092 14.
1617 2061 1653 2103 ιι
1687 2050 1821 2103 1844,
1850 2050 1943 2092 sed
1970 2051 2129 2092 etiam
2157 2049 2207 2092 ab
2229 2050 2427 2092 salmasio
2448 2048 2623 2091 Fabiano

172 2121 306 2175 ipsum
335 2119 430 2160 illud
460 2118 673 2159 ardidus
704 2117 901 2158 redditum
930 2127 1036 2159 esse

380 2184 427 2231 P
456 2188 522 2230 35
550 2198 587 2229 v.
618 2188 654 2228 8
683 2185 834 2228 Eadem
862 2197 976 2227 mens
1007 2189 1073 2228 est
1100 2185 1356 2228 Lachmanno
1394 2188 1436 2227 in
1463 2186 1619 2229 Lucret.
1649 2186 1701 2228 lll.
1740 2187 1835 2228 374.
1863 2198 1898 2238 ιι.
1931 2186 2044 2229 161.:
2080 2170 2273 2240 peccavit,
2304 2189 2371 2239 qui
2398 2188 2517 2228 nimis
2547 2188 2619 2229 im-

172 2258 333 2312 proprie
362 2256 525 2308 scripsit
554 2255 741 2307 Aprica
770 2254 975 2306 frigore
1007 2254 1264 2307 [apricum
1292 2254 1542 2307 spiritum
1579 2253 1809 2297 calidiorem
1843 2253 1922 2296 dici
1950 2253 2001 2296 ab
2030 2253 2237 2297 Ammiano
2271 2254 2476 2297 adnotavit
2502 2252 2624 2307 Wag-

172 2337 298 2368 nerus
328 2322 457 2367 xxu.
493 2324 557 2375 16,
590 2324 652 2364 14.
681 2334 717 2375 p.
747 2322 886 2375 515.]:
918 2333 943 2363 a
973 2320 1176 2376 Propertii
1204 2332 1324 2365 manu
1352 2332 1447 2364 esse
1476 2325 1572 2375 puto
1594 2334 1669 2363 —-:
1698 2324 1812 2375 pater
1841 2321 2127 2377 Tetricus‘,
2157 2333 2325 2375 quorum
2354 2324 2511 2376 quidem
2530 2334 2620 2367 ver-

173 2395 318 2437 borum
346 2404 445 2434 usus
475 2403 526 2435 ne
556 2391 622 2435 hic
651 2391 810 2443 quidem
839 2390 1034 2443 exemplis
1062 2391 1245 2432 firmatus
1275 2394 1348 2433 est.
1380 2414 1434 2420 —
1453 2390 1497 2432 V.
1527 2392 1593 2432 34.
1621 2390 1825 2440 Marsya
1852 2391 1998 2442 legitur
2026 2392 2147 2432 etiam
2175 2391 2281 2444 apud
2308 2391 2515 2434 Horatium
2542 2392 2626 2435 Sat.

92 2466 98 2474 ‘
176 2464 207 2506 1.
236 2466 278 2516 6,
312 2462 420 2513 120.,
451 2471 570 2511 quem
598 2458 727 2501 solum
755 2462 902 2501 testem
931 2459 1041 2501 dedit
1069 2460 1254 2502 Sternius
1284 2460 1418 2509 Symb.
1450 2458 1512 2501 ad.
1543 2459 1712 2504 Gramm.
1752 2459 1835 2503 Lat.
1865 2457 1980 2502 Poet.
2010 2461 2049 2500 3.
2078 2471 2117 2512 p.
2147 2462 2204 2513 6.,
2230 2463 2271 2501 et
2299 2461 2528 2503 iuvenalem
2556 2458 2626 2503 lX.

173 2534 218 2576 2.
248 2535 290 2574 et
321 2540 422 2584 quos
453 2528 585 2574 attulit
612 2526 864 2580 Dausquejus
895 2530 936 2570 in
966 2528 1034 2571 Sll.
1063 2528 1154 2571 Jtal.
1184 2527 1269 2571 Vlll.
1299 2529 1397 2572 515.
1427 2539 1464 2581 ιι.
1496 2529 1608 2580 365.,
1638 2527 1817 2571 Ovidium
1855 2528 1945 2570 Met.
1985 2527 2042 2570 Vl.
2084 2529 2180 2571 400.
2221 2532 2262 2570 et
2289 2529 2524 2579 Martiahll.
2555 2532 2625 2584 64,

175 2604 216 2644 8.
246 2600 345 2643 Add.
377 2597 530 2641 Pelia
560 2597 703 2639 Senec.
733 2596 834 2637 Med.
862 2598 960 2638 276.
992 2597 1192 2651 Scriptum
1212 2600 1346 2639 autem
1375 2597 1468 2639 olim
1487 2596 1618 2641 fuisse
1647 2596 1771 2642 bore
1784 2597 1920 2638 altas
1949 2597 2180 2648 intelligitur
2198 2607 2250 2639 ex
2269 2607 2318 2639 ea
2342 2598 2626 2653 disputatione,

63 2651 70 2736 ’ζ
112 2715 122 2725 ,
180 2680 262 2724 qua
290 2668 518 2711 Ausonii
557 2664 683 2707 verba
720 2664 902 2718 Epitaph.
942 2663 1121 2720 XXXV.
1157 2666 1243 2708 10.:
1284 2663 1497 2718 (Pegasus
1535 2665 1630 2709 hinc
1667 2664 1807 2707 dexter
1844 2668 1977 2707 currat
2013 2665 2108 2718 tibi,
2146 2666 2283 2706 laevus
2321 2666 2444 2709 Arion
2478 2666 2627 2711 Funis

66 2743 69 2751 '
176 2738 274 2783 ιιιιῑις
304 2739 365 2783 sic
405 2734 646 2788 corrigenda
684 2744 800 2776 esse:
840 2733 977 2775 laevus
1016 2734 1161 2790 Arion3
1200 2732 1319 2778 Fune
1357 2736 1403 2778 is
1442 2733 1538 2778 eat“
1576 2735 1769 2777 evicimus
1808 2733 2014 2778 Subseciv.
2043 2733 2088 2776 V.
2124 2733 2375 2778 Schneidew.
2411 2731 2554 2779 Philol.
2585 2748 2624 2791 p.

177 2811 275 2851 735.
307 2807 420 2849 Conf.
451 2805 564 2856 Valg.
595 2816 633 2856 p.
663 2804 762 2844 506.
792 2803 831 2844 b.
1774 2818 1783 2825 ·

385 2873 432 2920 P.
464 2876 533 2917 40.
561 2885 598 2915 v.
630 2873 669 2915 2.
728 2872 773 2916 Ia
802 2884 851 2915 eo
882 2869 1081 2925 Propertii
1108 2873 1196 2916 loco
1225 2873 1391 2927 „laudat
1419 2874 1536 2916 unice
1566 2876 1687 2926 atquo
1716 2873 1965 2926 amplectitur
1994 2874 2217 2926 elegantem
2236 2873 2377 2915 Mureti
2403 2875 2624 2917 restitutio-

175 2959 291 2991 nem:
321 2943 635 2998 Amphiarae
648 2952 704 2984 ae
743 2940 800 2984 nil
838 2941 1034 2994 prosunt“
1073 2940 1246 2984 Naekius
1266 2943 1327 2984 *in
1356 2941 1487 2984 Valer.
1517 2941 1601 2984 Cat.
1631 2954 1670 2996 p.
1700 2940 1811 2996 315.,
1840 2941 2137 2989 Lachmannum
2165 2945 2298 2986 autem
2326 2953 2377 2986 ne
2405 2953 2511 2988 nunc
2539 2944 2628 2998 qui·

174 3017 269 3060 ,dem
297 3025 397 3056 suae
427 3012 719 3057 emendationis
747 3012 945 3063 poenituit
973 3011 1050 3051 vid.
1080 3011 1227 3052 Comm.
1266 3013 1309 3051 in
1337 3011 1493 3056 Luci-et.
1531 3010 1584 3053 ιιι.
1615 3011 1712 3056 725.
1742 3022 1781 3063 p.
1824 3011 1914 3052 181.
1950 3011 2061 3052 Licet
2088 3012 2264 3064 adjicere
2302 3012 2472 3054 cundem
2499 3011 2629 3054 Lach-

175 3091 370 3128 mannum
400 3083 441 3123 in
470 3080 626 3122 Lucret.
648 3079 706 3122 lv.
727 3080 823 3122 568.
845 3092 882 3132 p.
913 3079 1010 3121 242.
1042 3078 1245 3121 Claudii
1277 3079 1616 3131 Quadrigarii
1643 3079 1911 3130 fragmentum
1930 3092 1952 3121 e
1980 3080 2178 3124 Lactantii
2198 3083 2494 3126 commentariis
2522 3081 2626 3123 Stat.

178 3152 307 3198 Theb.
337 3150 424 3194 Vlll.
458 3149 496 3193 1.
524 3149 693 3203 petitum
720 3148 952 3203 protulisse,
983 3146 1089 3201 quod
1116 3157 1190 3191 nos
1219 3147 1446 3192 feceramus
1476 3147 1589 3200 Valg.
1619 3159 1657 3201 p.
1688 3147 1783 3190 208.
1813 3152 1893 3191 not.
1925 3149 2005 3203 14.,
2035 3153 2127 3193 ante
2156 3154 2231 3194 nos
2261 3154 2395 3194 autem
2422 3149 2628 3193 Hemster·

177 3222 324 3270 husius
355 3230 418 3274 ap.
449 3216 705 3273 Peerlkamp.
734 3219 776 3260 in
805 3217 913 3270 Virg.
944 3217 1043 3260 Aen.
1072 3215 1133 3259 lX.
1164 3227 1200 3271 ιι.
1232 3217 1326 3261 218.
1349 3217 1468 3261 —V.
1499 3217 1568 3263 22.
1598 3215 1698 3263 Add
1715 3216 1868 3260 S.enec
1888 3217 2002 3274 Hipp.
2031 3220 2149 3264 810.:
2180 3220 2492 3317 Spartanum
2521 3218 2627 3271 Cyl-

176 3293 342 3337 laton.
374 3313 427 3319 —
458 3289 503 3330 V.
535 3291 618 3331 35.
633 3287 919 3330 scribendum:
949 3287 1200 3329 Declarat
1228 3285 1449 3335 Plinius.

387 3355 435 3399 P.
467 3359 536 3399 41
566 3370 601 3399 v.
633 3358 700 3399 30.
758 3356 803 3398 ιιι
831 3367 880 3398 eo
909 3355 1264 3407 Anthologiae
1292 3356 1458 3399 Latinae
1486 3357 1575 3399 loco
1617 3356 1675 3409 (ll.
1720 3358 1821 3411 176,
1862 3359 1923 3409 9.)
1954 3358 2209 3402 scribendum
2249 3370 2365 3402 esse:
2403 3358 2626 3404 Maeoni·
2672 3355 2679 3358 ’

177 3440 256 3490 que
287 3439 427 3471 suum
458 3426 664 3469 docuimus
695 3424 878 3467 Subsciv.
907 3424 967 3468 lV.
998 3423 1250 3470 Schneidew.
1283 3422 1429 3469 Philol.
1458 3436 1496 3485 p.
1527 3424 1622 3472 727.

67 3616 75 3631 ¹
79 3617 103 3644 Α
152 3618 236 3748 X
