2812 3748
1317 277 1657 339 *31*

266 448 309 488 et
326 442 454 486 Ovidii
483 440 642 505 adjecta
669 443 788 485 sunt.
817 437 1001 483 Umbro
1041 440 1191 481 antro
1236 441 1278 481 et
1305 436 1490 482 Tomis.
1550 438 1768 489 Quominus
1799 438 1931 480 autem
1961 435 2066 481 Coae
2095 438 2252 480 insulae
2280 438 2341 480 vel
2369 439 2505 492 potius
2532 440 2710 482 civitatis

266 512 367 566 (vid.
397 521 522 565 supra
547 522 586 564 p.
617 513 657 552 9.
686 512 769 564 sq.)
797 501 949 557 famam
977 517 1025 550 ac
1051 508 1220 550 delicias
1248 504 1345 550 hoc
1354 508 1443 551 loco
1471 504 1671 550 Philetam
1698 507 1923 559 praedicari
1951 507 2057 549 docti
2086 508 2270 550 homines
2297 510 2586 562 perspicerent,
2626 519 2710 550 om·

265 583 360 624 nino
388 581 561 627 videtur
572 579 782 622 obstitisse
812 588 862 619 ea
889 588 972 630 reS,
1001 576 1106 630 quod
1133 579 1243 618 recte
1272 574 1351 617 dici
1376 576 1578 619 videretur
1604 574 1754 618 chorus
1779 573 1984 617 bominum
2011 580 2081 618 aut
2107 576 2274 618 deorum
2292 576 2479 628 plaudere
2509 577 2575 629 (ut
2592 577 2710 619 Clau·

264 650 373 693 dian.
400 649 536 700 Praei.
566 649 677 691 Sext.
697 648 826 692 cons.
856 646 1003 688 Honor.
1037 647 1128 688 15.·
1117 676 1128 686 .
1170 644 1412 703 plaudebant
1451 647 1615 687 numina
1657 645 1776 687 dictis
1827 645 1876 686 Et
1912 644 2145 687 circumfusi
2193 655 2313 687 sacra
2354 655 2501 688 corona
2531 647 2710 700 chori“),

265 728 347 760 ιιοιι
389 719 485 759 item
528 716 660 759 insula
702 715 766 757 vel
803 713 899 755 urbs
939 713 1032 755 Coa.
1091 711 1176 754 Hoc
1204 722 1299 754 vero
1327 712 1513 766 loquendi
1540 723 1671 765 genus
1687 701 1727 754 ‘a
1755 713 2043 755 consuetudine
2070 712 2284 755 latinorum
2312 716 2520 765 poetarum
2548 716 2709 757 minime

267 786 529 829 abhorruisse
558 785 678 828 docet
704 784 793 837 ipse
813 783 975 825 <Statius
1005 781 1101 823 Silv.
1130 779 1176 823 V.
1208 783 1247 835 3,
1282 781 1403 824 139.:
1446 793 1527 824 non
1556 783 1678 825 toties
1707 782 1899 824 victorem
1928 779 2106 824 Castora
2134 792 2232 834 gyro
2262 780 2343 824 Nec
2372 781 2539 825 fratrem
2567 787 2709 826 caestu

264 855 414 897 virides
448 848 691 908 plausere
721 849 1091 904 Therapnae,“
1118 848 1310 892 Martialis
1341 850 1369 893 1.
1398 853 1468 905 61,
1486 853 1566 893 >3.:
1610 848 1816 893 Censetur
1844 851 1984 904 Apona
2012 850 2121 893 Livio
2150 847 2226 893 suo
2254 851 2373 893 tellus
2401 852 2606 905 Stellaque
2632 863 2709 896 uec

264 922 408 966 Flacco
435 924 597 976 minus;
626 918 1176 976 Apollodorosplaudit
1213 918 1393 963 imbrifer
1420 919 1633 975 Nilus,“
1664 917 1930 962 Claudianus
1941 919 2056 962 Fesc.
2086 921 2178 973 77.,
2206 930 2325 974 quem
2353 931 2444 963 cum
2473 921 2592 963 Statii
2619 922 2709 965 loco

264 992 301 1034 d.
330 989 573 1043 composuit
613 989 867 1031 Marklandus
911 991 951 1030 in
986 989 1080 1029 Silv.
1111 989 1139 1029 Ι
1169 991 1211 1041 4,
1241 991 1308 1030 88.
1336 1000 1375 1041 p.
1404 990 1531 1030 204.·
1576 989 1872 1042 Oriensque
1916 999 2080 1040 regna
2121 990 2345 1030 fratrum
2388 990 2514 1031 Simul
2557 991 2709 1033 Occi-

263 1061 498 1111 densque
530 1058 826 1110 plaudant.“
898 1088 900 1090 .

333 1129 339 1133 '
466 1125 591 1176 Quam
620 1126 774 1168 Statius
803 1129 920 1169 vocat
958 1122 1126 1180 Goon,
1169 1136 1259 1169 eam
1287 1126 1491 1168 civitatem
1521 1136 1643 1179 supra
1673 1135 1761 1178 cap.
1791 1125 1837 1168 11.
1866 1135 1906 1178 p.
1940 1126 2004 1168 12.
2035 1124 2278 1168 obtinuimus
2306 1125 2359 1167 ab
2388 1125 2597 1180 Propertio
2626 1128 2707 1172 diei

264 1194 427 1237 Coam.
485 1193 783 1248 Ejusdemmodi
809 1193 1016 1247 loquendi·
1023 1203 1151 1245 genus
1181 1193 1231 1235 ab
1262 1193 1415 1235 eodem'
1445 1193 1723 1247 Propertio
1768 1193 1813 1234 li.
1845 1194 1915 1247 21,
1944 1195 2012 1235 53.
2055 1196 2290 1246 usurpatum
2327 1194 2467 1236 doctos
2506 1194 2706 1251 homines,

168 1302 177 1314 s
262 1268 457 1318 quotquot
482 1266 525 1305 in
553 1259 602 1305 eo
618 1264 719 1314 xloco
750 1264 956 1305 enodando
987 1263 1255 1317 elaborarunt,
1284 1274 1424 1304 omnes
1452 1264 1609 1306 fefellit.
1671 1264 1742 1312 Qui
1770 1275 1915 1305 versus
1943 1265 2049 1304 enim
2078 1265 2139 1305 sic
2166 1263 2299 1315 prodi
2310 1264 2452 1305 solitus
2481 1270 2590 1307 erat:

806 1333 856 1375 Et
884 1335 979 1385 quot
1008 1331 1163 1385 Troja
1191 1331 1282 1375 tulit
1308 1335 1424 1374 vetus
1454 1335 1496 1374 et
1524 1335 1621 1385 quot
1648 1332 1801 1375 Achaia
1829 1332 1996 1385 formas,
2029 1337 2035 1343 “

262 1405 299 1446 is
330 1403 381 1446 ab
411 1402 614 1455 Scaligero
644 1404 822 1445 veterum
861 1400 1040 1444 codicum
1078 1402 1279 1454 vestigia:
1324 1401 1479 1455 Hioa,
1524 1401 1691 1444 Hiona
1733 1393 1892 1454 (Heius.
1921 1400 2025 1445 Nott.
2056 1403 2097 1444 in
2125 1401 2244 1456 Prop.
2273 1413 2311 1455 p.
2342 1404 2438 1445 704.
2469 1402 2705 1458 Hertzberg.

259 1485 300 1526 p.
333 1474 448 1525 190.)
478 1477 648 1523 sequuto
677 1473 738 1512 sic
765 1473 996 1512 immutatus
1025 1474 1102 1519 est,
1131 1474 1176 1511 ut
1203 1481 1347 1511 nomen
1375 1471 1531 1511 Jona:
1558 1471 1625 1510 Et
1664 1475 1761 1522 quot
1787 1472 1916 1512 Jona
1953 1471 2071 1511 tulit“
2099 1474 2298 1524 reciperet
2326 1473 2452 1524 (quod
2480 1483 2625 1515 nomen
2652 1486 2705 1516 ne

260 1541 515 1583 Marklandus
544 1540 701 1592 quidem
728 1541 771 1581 in
800 1539 900 1580 Stat.
931 1539 1024 1580 Silv.
1053 1539 1112 1581 lV.
1142 1540 1184 1592 3,
1214 1541 1281 1580 59.
1309 1550 1347 1592 p.
1375 1540 1470 1581 316.
1500 1539 1665 1591 indigno
1691 1540 1760 1581 ille
1790 1533 1950 1581 silentio
1980 1539 2030 1581 ab
2060 1540 2322 1592 Hertzbergio
2350 1551 2509 1594 quoque
2536 1552 2575 1594 p.
2609 1545 2705 1585 190.

260 1611 525 1651 transmissus
554 1608 709 1650 idoneis
739 1607 931 1648 stabilivit
958 1608 1199 1659 exemplis),
1234 1599 1414 1648 Grutero
1430 1610 1563 1648 autem
1584 1610 1803 1649 materiam
1832 1608 2018 1659 praebuit
2046 1609 2203 1660 Suspic.
2233 1609 2372 1650 incdit.
2402 1609 2511 1651 xxii.
2545 1612 2610 1652 13.
2641 1621 2704 1665 ap.

260 1680 469 1720 Burmann.
500 1677 617 1728 Prop.
646 1689 685 1729 p.
715 1677 811 1718 421.
839 1677 943 1717 haec
986 1676 1217 1718 dubitandi:
1261 1675 1382 1722 Nemo
1425 1676 1524 1716 mihi
1557 1676 1822 1727 persuadebit
1858 1677 2120 1727 tautologiam
2159 1677 2264 1719 hanc
2293 1679 2505 1719 cultissimi
2530 1684 2704 1731 poetae:

261 1746 417 1799 Troja
461 1748 502 1787 et
544 1744 737 1787 Priami
778 1754 951 1796 regna.
1012 1743 1111 1794 Quid
1149 1753 1247 1795 ergo
1276 1743 1375 1786 est?
1431 1742 1623 1796 Suspicor
1650 1743 1806 1786 fuisse:
1849 1743 1915 1805 Et=
1942 1748 2039 1797 quot
2080 1744 2178 1787 Eos
2223 1745 2438 1799 retulit,
2482 1750 2527 1789 ut
2567 1749 2707 1800 signet

259 1816 474 1865 regionem.
495 1814 739 1854 orientalem.
812 1811 942 1853 Malim
971 1812 1156 1864 quidem:
1200 1812 1253 1852 Et·
1291 1815 1388 1864 quot
1415 1811 1531 1852 ·an
1575 1811 1726 1864 tulit,
1770 1813 1843 1853 sed
1870 1823 1950 1858 non
1990 1815 2190 1855 succurrit
2216 1814 2600 1868 simneiexemplum
2628 1827 2705 1859 nec

259 1881 364 1935 libri,
395 1883 461 1934 qui
488 1892 552 1924 me
581 1881 622 1922 id
651 1881 832 1933 doceant,
859 1884 1022 1933 praesto
1053 1880 1188 1921 sunt.“
1229 1877 1307 1921 Cui
1336 1879 1607 1921 emendationi
1635 1883 1679 1921 ut
1706 1881 1959 1933 recipiendae
1987 1882 2247 1924 vehementer
2265 1882 2379 1937 favit,
2408 1886 2465 1925 ita
2484 1883 2704 1928 firmandae

259 1952 474 2002 insigniter
511 1950 637 1992 defuit
675 1948 958 2000 Hertzbergius
993 1961 1031 2002 p.
1065 1951 1187 2002 191.,
1231 1948 1331 1990 adeo
1366 1952 1411 1991 ut
1438 1959 1513 1992 nec
1543 1949 1637 2001 quid
1666 1948 1855 1991 subesset
1883 1952 1943 1992 rei
1971 1949 2219 1993 difficultatis
2249 1951 2476 1994 adverteret
2504 1957 2547 1994 et
2574 1954 2703 2001 diver-

262 2020 427 2061 sissima
456 2008 637 2072 quaeque
665 2020 866 2071 misceret,
895 2020 939 2058 ut
967 2019 1007 2059 ιιι
1029 2015 1184 2060 Cinnae
1214 2016 1513 2060 commentariis
1543 2019 1771 2060 accuratius
1800 2018 2138 2061 demonstrabitur
2165 2029 2215 2061 eo
2228 2019 2342 2074 loco,
2371 2031 2449 2073 quo
2469 2021 2703 2080 docebimus

259 2089 302 2128 in
329 2089 519 2139 Hygini
548 2089 706 2144 Astron.
735 2088 775 2128 ll.
804 2087 871 2127 42.
899 2097 938 2138 p
947 2088 1078 2127 497.;
1102 2088 1194 2138 jure
1222 2087 1329 2127 hunc
1357 2090 1399 2127 et
1427 2086 1656 2127 Luciferum
1684 2090 1726 2128 et
1755 2088 1976 2138 Hesperum
2005 2088 2278 2129 nominatum“
2301 2089 2360 2141 id,
2390 2091 2495 2141 quod
2523 2092 2565 2132 ιιι
2594 2093 2703 2134 codi-

252 2155 374 2198 ‘cibus
402 2139 616 2198 Vossianis
642 2157 791 2208 reperit
820 2155 1076 2196 Staverenius
1104 2165 1143 2206 p.
1173 2156 1297 2196 498.:
1340 2164 1412 2206 pro
1457 2152 1642 2196 LucIfe
1653 2165 1756 2196 rum
1799 2154 1876 2197 duo
1913 2154 2031 2197 Voss.
2061 2154 2280 2209 Hedum,
2283 2156 2311 2179 44
2345 2167 2474 2210 prave
2503 2158 2702 2240 detortum

260 2234 355 2264 esse
385 2233 409 2264 a
437 2234 532 2265 vero
561 2224 626 2265 He
640 2234 779 2276 oum
807 2223 985 2275 Eoum,
1015 2222 1119 2273 quod
1148 2222 1253 2263 idem
1282 2232 1428 2263 nomen
1456 2224 1499 2263 in
1527 2222 1634 2263 hanc
1663 2224 1840 2275 speciem
1867 2223 2157 2264 deformatum:
2202 2224 2387 2266 chorus
2422 2226 2497 2280 (id,
2527 2229 2631 2280 quod
2660 2231 2704 2271 in

261 2294 475 2334 Ausonii
517 2292 679 2333 Mosella
721 2303 758 2332 v.
789 2293 912 2352 316.;
958 2289 1155 2336 Chorus
1198 2290 1366 2331 achates
1407 2291 1448 2332 id
1492 2295 1558 2331 est
1600 2301 1726 2331 eous
1772 2291 1982 2332 achates
2027 2292 2179 2333 factum
2208 2304 2319 2334 esse
2331 2294 2414 2335 vult
2440 2295 2637 2340 Heinsius
2659 2300 2701 2339 in

260 2359 468 2402 claudian.
499 2360 611 2409 dell.
642 2359 686 2401 V.
718 2359 796 2412 26.v
814 2349 852 2411 p.
885 2360 978 2401 847.
1008 2358 1214 2409 neglectus
1245 2358 1294 2399 ab
1323 2357 1595 2400 Wernsdorfio
1627 2355 1759 2400 Poeit.
1789 2359 1890 2400 Latt.
1920 2358 2010 2401 Min.
2040 2371 2077 2412 p.
2108 2361 2204 2403 269.
2235 2362 2328 2404 Exc.
2359 2362 2433 2404 Xll.
2463 2362 2507 2405 Τ.
2538 2364 2589 2417 1.)
2619 2368 2698 2407 ori·

258 2430 393 2480 ginem
436 2420 701 2481 nequidquam
743 2425 794 2468 ab
838 2425 1098 2477 Hertzbergio
1143 2425 1259 2468 Obss.
1303 2426 1344 2467 in
1389 2424 1538 2478 aliquot
1569 2422 1689 2478 Prop.
1718 2426 1795 2468 loc.
1824 2438 1862 2480 p.
1891 2426 1960 2468 20.
1990 2437 2052 2480 sq.
2082 2431 2125 2469 et
2153 2425 2308 2470 Comm.
2346 2429 2370 2471 l.
2402 2429 2440 2472 d.
2468 2433 2700 2483 quaesitam

258 2500 456 2539 monstrat
468 2497 579 2538 vocis
595 2496 700 2538 illius
717 2496 978 2554 subditiciae:
1008 2494 1104 2536 Tro
1109 2496 1126 2547 j
1138 2505 1172 2536 a.
1195 2494 1283 2536 add.
1300 2494 1408 2536 Ovid.
1425 2494 1516 2536 Her.
1532 2495 1585 2536 ιιι.
1603 2496 1692 2536 57.;
1712 2494 1874 2536 fulserit
1887 2495 1953 2537 Eo
1964 2506 1999 2537 s.
2019 2496 2133 2538 codd.
2151 2496 2429 2551 Heinsiip.32.
2449 2498 2477 2539 ιι
2489 2509 2588 2541 ora.
2618 2501 2702 2544 Sed

258 2568 449 2617 majorem
478 2566 618 2617 etiam,
648 2575 767 2616 quam
795 2562 1096 2616 HertzbergiuS,
1124 2563 1373 2605 mirationem
1400 2562 1501 2605 facIt
1527 2562 1831 2617 Boissonadius,
1861 2566 1929 2616 qui
1959 2566 2002 2607 ιιι
2030 2565 2269 2607 Aristaenet.
2300 2578 2337 2618 p.
2368 2568 2464 2609 398.
2494 2567 2598 2611 haec
2626 2582 2697 2622 po,-
2718 2577 2720 2580 ·

258 2634 365 2676 suit:
393 2632 521 2675 lona
553 2623 847 2676 correctio‘est‘
862 2632 1059 2684 scaligeri
1086 2641 1166 2675 non
1194 2630 1313 2685 bona,
1340 2640 1411 2685 pro
1432 2630 1531 2673 Tro
1537 2632 1619 2685 ja
1649 2631 1756 2685 quod
1784 2634 1897 2675 stare
1925 2641 2006 2674 non
2025 2636 2160 2687 potest
2188 2632 2238 2676 ob
2267 2634 2529 2688 tautologiam
2555 2646 2701 2683 versus

259 2703 435 2743 alterius.
496 2701 686 2742 Gruterus
714 2702 946 2755 proposuit:
977 2701 1026 2742 Et
1055 2704 1151 2755 quot
1178 2701 1277 2742 Eos
1306 2699 1451 2741 retulit.
1483 2722 1534 2728 —
1569 2698 1804 2754 Propertius
1833 2701 1902 2742 liic
1930 2701 2104 2743 noudum
2132 2713 2256 2745 sanus
2286 2701 2409 2757 est,“
2426 2713 2501 2746 nec
2529 2706 2702 2749 intenmt

257 2775 337 2825 ipsi
374 2773 412 2813 ei
460 2771 614 2812 Gruteri
663 2771 957 2824 emendationi,
985 2771 1068 2825 ,cui
1113 2764 1329 2812 firmandae
1377 2771 1551 2811 omnium
1598 2772 1771 2814 maxime
1818 2781 1892 2823 par
1938 2771 2016 2811 fuit
2061 2773 2122 2812 vir
2167 2774 2209 2813 ιιι
2255 2775 2414 2824 graecis
2460 2777 2699 2825 posterioris

259 2842 405 2882 aetatis
434 2838 696 2897 scriptoribus
732 2839 895 2880 assidue
937 2838 1150 2881 volutatus.
1209 2838 1569 2890 Frequentissimus
1614 2839 1721 2878 enim
1763 2840 1876 2880 iocis
1920 2832 2012 2894 ἑῴα
2054 2841 2116 2880 is
2133 2850 2232 2880 usus
2277 2844 2368 2894 est,
2412 2843 2480 2892 qui
2522 2846 2701 2886 cernitur

257 2908 361 2962 apud
390 2904 590 2950 zosimum
618 2907 675 2950 Ν.
705 2907 772 2949 26.
801 2918 840 2960 p.
870 2908 966 2950 325.
998 2907 1099 2950 Reit.
1144 2902 1204 2948 τὰ
1242 2904 1291 2948 δὲ
1326 2902 1440 2947 κατὰ
1477 2901 1558 2960 τῆν
1597 2899 1718 2962 ἑῴαν
1752 2899 1804 2948 οὗ
1835 2901 1987 2963 πόρῤω
2016 2907 2167 2958 γέγονε
2194 2907 2443 2960 παντελοῦς
2471 2902 2701 2962 &amiatae

238 2982 299 3019 -et
326 2977 428 3021 alios
458 2971 639 3029 {ip-Bos.
678 2974 813 3029 Ellips.
851 2986 889 3029 p.
933 2977 1024 3019 155.
1062 2978 1104 3018 et
1142 2974 1320 3017 Leisner.
1359 2984 1394 3027 p.
1433 2973 1527 3016 325.
1558 2973 1697 3028 Steph.
1729 2974 1847 3018 Thes.
1876 2987 1914 3029 p.
1946 2976 2070 3017 2638.
2099 2976 2142 3018 A.
2172 2975 2256 3019 Vol.
2285 2976 2348 3019 111.
2388 2978 2626 3037 Boissonad.
2653 2983 2699 3025 ιιι

256 3047 407 3100 Eunap.
436 3056 473 3098 p.
504 3045 598 3086 218.
626 3045 756 3095 Igitur
784 3044 837 3097 id,
868 3045 973 3096 quod
1002 3045 1185 3087 Lucanus
1215 3044 1316 3085 dixit
1356 3043 1401 3085 V.
1431 3043 1517 3084 52.;
1564 3040 1722 3095 populis
1772 3044 1986 3086 telluris
2014 3044 2149 3086 ane
2189 3051 2230 3086 et
2268 3046 2348 3087 Vll.
2393 3048 2488 3090 423.
2517 3047 2703 3093 terra&

255 3115 392 3158 ane
421 3118 462 3154 et
491 3110 820 3154 Claudianus
850 3111 916 3152 Pr.
949 3111 1073 3153 Cous.
1105 3106 1476 3154 Stilich.11.285.:
1507 3111 1637 3151 omnis
1666 3111 1757 3153 Eoi
1787 3112 1883 3153 Ora
1912 3112 2032 3152 silet“
2063 3136 2117 3141 —
2148 3115 2208 3154 sic
2235 3116 2342 3155 enim
2363 3120 2497 3158 amoto
2526 3118 2616 3160 illo:
2646 3124 2699 3162 et

255 3183 451 3235 Austri,
481 3184 644 3222 astra.
673 3180 784 3221 Eos·
803 3183 855 3221 et
881 3180 1075 3223 Auster
1102 3182 1360 3233 interpretum
1387 3189 1466 3221 non
1494 3178 1742 3220 indoctorum
1772 3180 1870 3231 (vid.
1897 3179 2140 3230 Bernhardy.
2170 3182 2212 3223 ιιι
2232 3181 2396 3233 Dionys.
2419 3181 2579 3238 Perieg.
2594 3187 2696 3229 243.

255 3260 292 3300 p.
324 3250 418 3292 578.
447 3253 489 3292 et
517 3248 711 3291 Subsiciv.
740 3252 864 3291 nostr.
894 3248 922 3290 1.
954 3248 1187 3291 Schneidev.
1220 3244 1362 3291 Philol.
1391 3258 1428 3300 p.
1450 3246 1567 3299 720.)
1587 3250 1808 3289 commento
1839 3248 2118 3300 corrigendum
2149 3260 2243 3291 esse
2264 3250 2384 3294 facile
2413 3250 2696 3309 obtinebimus,

255 3317 323 3359 ubi
350 3318 429 3358 loci
461 3316 733 3370 Propertii
771 3317 829 3357 lV.
861 3319 901 3370 2,
931 3317 1020 3360 35.:
1065 3318 1137 3358 Est
1165 3318 1285 3358 etiam
1320 3339 1373 3344 —
1407 3315 1646 3356 Vertumnus
1676 3320 1717 3357 et
1744 3316 1862 3367 ejus“
1892 3317 2130 3359 emendandi
2174 3321 2291 3371 copia
2319 3322 2479 3374 erit—
2498 3352 2511 3375 ,
2554 3323 2699 3365 maluit

255 3379 546 3428 Alexandrinos
574 3389 717 3439 poetas
756 3389 979 3439 sequutus,
1018 3389 1062 3427 ut
1105 3383 1338 3428 callimach.
1368 3382 1450 3426 Del.
1488 3383 1586 3427 280.
1615 3378 1776 3438 πόληες
1805 3382 1868 3425 Αἵ
1893 3398 1944 3427 τε
1972 3382 2112 3441 πρὸς
2142 3379 2301 3442 ἠοίην
2330 3386 2382 3428 αἵ
2407 3381 2461 3429 θ’
2503 3387 2707 3447 ἕσπερον·

255 3453 306 3497 αἳ
332 3447 368 3494 τ’
401 3446 493 3495 ἆνά
521 3455 692 3509 μέσσην
720 3449 921 3510 Κλήρους
949 3449 1196 3508 ἐστήσαντο
1218 3452 1573 3503 conf.Hesych.1.
1602 3466 1640 3507 p.
1674 3456 1795 3497 1644.
1824 3446 1967 3509 ἧοῖην·
1999 3479 2055 3488 --
2084 3451 2166 3509 τῆν
2194 3453 2306 3511 πρὸς
2332 3450 2575 3511 ἀνατολήν,
2596 3457 2708 3504 Pro—
