2685 3653
1155 817 1157 820 ¹
1233 734 1567 818 caputfl.

183 858 297 952 Qui
309 890 472 935 dieantur
505 886 606 935 puri
638 891 816 935 poetae
864 882 922 921 De
946 882 1151 921 nominibus
1184 884 1349 929 Dores,
1380 884 1654 925 DorienseS,
1685 875 1868 922 Dor-ich
1900 879 1947 916 de
1972 877 2167 927 adJectivis
2199 876 2424 918 Doricum·
2452 870 2621 907 Dori-'⁸

271 942 472 993 (Doris).
519 944 652 993 Triops
676 954 741 979 rex
766 943 867 981 Coae
890 942 1042 979 insulae.
1092 941 1255 979 Philetas
1278 954 1352 978 ιιοιι
1377 928 1556 985 Rhodius,
1580 939 1667 976 sed
1662 937 1771 976 eous
1784 937 1875 982 fult,
1899 935 1996 974 unde
2010 943 2175 973 vocatur
2200 929 2533 981 uurypyude·
2540 928 2622 964 tm

187 1044 190 1046 a
270 1002 576 1050 Emypylffla,
623 1008 661 1038 ut
697 1000 869 1039 Atrida.
923 1001 980 1037 De
1017 1001 1064 1037 lis
1101 1001 1379 1049 patronymicis‚
1416 1004 1512 1047 quae
1559 1004 1690 1064 eontra
1730 997 1893 1045 regulam
1936 994 2143 1044 producunt
2179 991 2420 1040 munitlun
2455 985 2621 1025 voe-10⁸·
2646 1007 2650 1013 ’

186 1096 189 1098 ,
270 1059 428 1097 Nomina
454 1060 619 1106 propria
629 1064 834 1107 poetarum
842 1059 1013 1094 licentiae
1036 1057 1165 1094 libera.
2578 1084 2581 1088 ,

222 1212 224 1215 f
313 1186 428 1239 Apud
453 1186 782 1239 Propertium
810 1186 885 1228 ΠΙ.
904 1187 945 1238 7,
975 1187 1042 1228 35.
1072 1185 1256 1237 leguntur
1281 1141 1410 1227 haec:

695 1255 812 1297 Νοιι
840 1264 916 1306 ego
945 1253 1110 1297 velifera
1138 1253 1328 1296 tumidum
1345 1263 1478 1296 mare:
1488 1250 1601 1297 findo
1631 1252 1797 1294 carina:

791 1322 895 1364 Tuta
923 1321 999 1363 sub
1028 1323 1172 1373 exiguo
1200 1322 1359 1364 flumine
1386 1324 1546 1369 nostra
1544 1331 1666 1364 mora
1695 1324 1771 1362 est.
1816 1321 1819 1324 “

723 1390 809 1433 Νοιι
836 1389 941 1433 flebo
968 1390 1022 1431 in.
1043 1391 1201 1432 cineres
1238 1399 1371 1434 arcem
1409 1389 1568 1436 sedisse
1593 1392 1800 1441 paternos

792 1459 930 1501 Cadmi
947 1469 1031 1499 nec
1060 1461 1214 1509 septem
1232 1459 1391 1510 proelia
1413 1458 1533 1502 clade
1564 1459 1691 1513 pari
1685 1480 1753 1498 -—.

725 1527 833 1569 Inter
861 1525 1093 1569 Callimachi
1121 1530 1187 1567 sat
1213 1528 1289 1569 erit
1315 1526 1520 1589 placuisse
1548 1525 1708 1568 libellos

793 1596 844 1637 Et
871 1596 1071 1652 cecinisse
1099 1594 1251 1649 modis,
1289 1594 1409 1638 dure
1447 1587 1628 1648 poeta,
1657 1595 1752 1637 tuis.

316 1664 568 1707 Valckenarii
596 1666 798 1707 sententia
826 1666 887 1706 sic
917 1665 1121 1706 censentis
1147 1662 1299 1706 Gallim.
1327 1663 1437 1715 Eleg.
1466 1663 1624 1714 Fragm.
1647 1674 1703 1715 p.
1721 1665 1798 1705 5.
1839 1662 1963 1704 dure
2002 1665 2148 1704 mutari
2178 1663 2351 1706 debebat
2390 1666 2431 1706 in
2469 1666 2635 1729 ιιηιριϊ

181 1733 287 1785 quod
314 1734 547 1787 probarunt‚
576 1730 738 1785 ingenia
758 1733 959 1786 capitalia,
990 1733 1050 1773 sic
1070 1732 1264 1784 scriptum
1281 1732 1411 1774 locum
1429 1732 1698 1784 proferentes,
1719 1730 1902 1782 Scaliger
1931 1734 1973 1772 et
1990 1731 2215 1785 Bentleju83
2244 1744 2334 1774 cum
2353 1732 2421 1774 his
2440 1733 2625 1786 legamus

180 1803 224 1843 in
240 1805 477 1854 posterum:
507 1802 557 1844 Et
585 1804 784 1843 cecinisse
812 1801 966 1854 modiS‚
1004 1810 1130 1852 pure
1168 1803 1341 1853 poeta,
1381 1800 1489 1860 ιιιιειις
1519 1802 1560 1841 et
1589 1799 1683 1843 olim
1712 1799 1818 1851 apud
1846 1798 1992 1840 multos
2021 1799 2146 1840 valuit
2171 1804 2216 1841 et
2244 1811 2349 1847 nunc
2379 1812 2493 1845 asse
2514 1820 2518 1823 -
2538 1820 2556 1837 -.-

180 1869 308 1911 hahet
343 1880 438 1923 eos,
477 1880 579 1922 quos
608 1870 796 1911 Scriverii
825 1870 1078 1922 conjecturae
1118 1868 1175 1911 ah
1198 1868 1456 1920 Hertzberglo
1495 1868 1689 1909 defensae
1717 1868 1913 1920 poenituit
1940 1867 2047 1911 conf.
2077 1868 2320 1920 Bernhardy.
2348 1871 2451 1918 Hist.
2468 1872 2621 1928 Gran.

181 1937 274 1979 Litt.
304 1949 342 1990 p.
373 1938 469 1981 394.
498 1938 711 1990 Immerito.
769 1937 944 1979 Primum
982 1939 1088 1979 enim
1123 1937 1219 1979 illud
1261 1947 1384 1989 pure
1427 1939 1583 1988 poeta
1626 1939 1668 1977 et
1690 1937 1813 1981 nimis
1841 1936 1965 1977 latum
2003 1940 2093 1990 est,
2131 1940 2176 1978 ut
2213 1939 2270 1979 ait
2298 1940 2358 1981 vir
2386 1940 2543 1985 doctus
2554 1951 2636 1996 ι..-

182 2006 407 2049 Burmann..
424 2018 463 2059 p.
493 2007 606 2060 572„
634 2010 675 2049 et
703 2007 862 2049 omnino
892 2004 1065 2049 dubium.
1124 2006 1352 2048 Videamus
1363 2006 1470 2047 enim
1498 2005 1541 2046 in·
1569 2014 1671 2057 quos
1713 2003 1966 2056 significatus
2005 2015 2083 2047 vox
2122 2004 2192 2048 illa
2230 2006 2294 2053 vel
2323 2007 2482 2052 diducta
2507 2011 2593 2059 ait--

182 2074 312 2116 doctis
342 2074 578 2117 hominibus.
597 2075 660 2116 vel
689 2074 821 2129 diduci
846 2075 981 2127 poss1t
1007 2075 1354 2127 exquira‘musque‚
1383 2072 1487 2124 quid:
1501 2072 1581 2114 loci
1609 2074 1813 2115 sententia
1840 2074 2030 2125 requirat.
2088 2074 2141 2114 Et
2169 2076 2341 2126 primum
2368 2077 2532 2129 quidem
2553 2123 2555 2126 Α
2582 2058 2633 2106 f*

182 2141 395 2195 muletam,
425 2154 505 2184 non
535 2143 819 2184 Callimachum
845 2143 912 2185 hic
945 2143 1025 2186 dici
1053 2143 1233 2184 arbitrati
1254 2145 1367 2193 sunt,
1396 2141 1583 2190 Scaliger.
1603 2143 1648 2182 ιιι
1677 2141 1807 2192 Ριοιι..
1826 2152 1865 2192 p.
1895 2143 1999 2188 516.
2023 2146 2065 2182 et
2093 2141 2372 2196 Daleeampius
2406 2148 2449 2187 in
2477 2147 2624 2194 Athea.

182 2209 249 2250 IX.
279 2221 317 2261 p.
348 2212 450 2251 401:
473 2211 643 2252 Annott..
663 2223 701 2263 p.
722 2213 828 2252 764.
858 2222 1001 2262 purum
1026 2214 1304 2262 poetamseum
1332 2210 1465 2250 vecari
1494 2208 1725 2260 voluerunt,
1764 2210 1851 2251 cui
1888 2210 1940 2250 ιιι
1972 2209 2197 2252 mollitie
2237 2215 2489 2256 carminis
2517 2216 2624 2267 prl-

184 2289 290 2318 mas
329 2279 420 2320 ‘det
463 2279 781 2332 Propertius.
842 2279 962 2331 cujus
1003 2280 1200 2330 opinionis
1240 2277 1457 2319 confutatio
1494 2276 1717 2328 longiorem
1753 2287 1835 2318 non
1865 2276 2069 2319 desiderat
2097 2280 2340 2334 orationem
2377 2283 2467 2334 ejus
2502 2282 2641 2339 enim,

185 2348 254 2397 qui
293 2347 498 2398 elegiae
537 2350 724 2400 princeps
754 2348 949 2400 habetur,
984 2347 1141 2388 laudem
1170 2345 1327 2387 definite
1357 2345 1621 2396 distincteque
1651 2345 1867 2402 designare
1898 2356 1975 2399 quo
2004 2350 2122 2398 pacto
2152 2348 2262 2393 credi
2288 2352 2425 2402 potest
2457 2352 2519 2403 is,
2526 2374 2528 2377 >
2540 2353 2626 2404 qul

184 2425 362 2467 purum
390 2418 551 2469 poetam
569 2418 655 2459 sive
676 2418 884 2469 poetarum
911 2417 1189 2469 purissimum
1198 2414 1380 2467 appellat,
1408 2417 1451 2455 ut
1480 2414 1620 2466 epici
1645 2407 1811 2466 poetae
1823 2416 1988 2467 saepius
2018 2419 2292 2461 monstrantur
2319 2429 2508 2463 versuum
2535 2412 2625 2470 du-

184 2483 372 2523 ritie?.
397 2484 504 2527 Jam
526 2484 812 2525 valckenarius
857 2485 977 2536 hujus
1020 2485 1356 2535 interpretationis
1400 2485 1550 2523 auctor
1587 2484 1740 2523 extitit:
1785 2483 1905 2547 Puri
1946 2487 2201 2526 sermonis
2245 2492 2363 2528 erat
2404 2493 2627 2563 amator,

181 2542 361 2593 caesare
385 2554 535 2605 judice,
567 2555 876 2596 Terentius:
907 2557 949 2595 in
977 2554 1103 2604 elegis
1135 2551 1447 2594 Callimachi
1476 2550 1576 2596 nihil
1605 2555 1693 2595 erat
1721 2552 1875 2605 tumidi,
1904 2552 2004 2595 nihil
2032 2553 2183 2601 inflati:
2212 2557 2331 2598 testis
2362 2560 2428 2604 est
2454 2553 2545 2610 ips'e
2586 2578 2588 2590 =

121 2652 133 2661 2
184 2631 255 2671 se,
294 2619 367 2661 sed
389 2617 614 2663 idoneus:
638 2615 765 2676 Μηό’
799 2614 877 2683 ἀπ’
912 2618 1015 2677 ἐμεῦ
1045 2619 1207 2676 ὂιφᾶτε
1233 2619 1344 2674 μέγα
1372 2619 1661 2676 ψοφέουσαν
1672 2612 1844 2674 ἀοιδήν.
1849 2623 1883 2643 “
1942 2620 2086 2673 Optare
2123 2622 2202 2665 hoc
2232 2623 2389 2676 quidem
2417 2630 2514 2679 est,-
2535 2644 2587 2661 o·

185 2688 330 2730 docere
369 2699 443 2730 nec
481 2691 585 2730 satis
623 2701 700 2740 ego
729 2678 865 2732 mirari
893 2701 996 2742 queo
1026 2694 1179 2732 tantum
1206 2690 1333 2730 virum
1361 2691 1402 2729 et
1429 2687 1508 2729 sihi
1542 2690 1583 2729 et
1613 2688 1705 2731 aliis
1731 2688 1915 2732 fraudem
1942 2699 2024 2731 non
2051 2690 2292 2733 mediocrem
2321 2703 2370 2751 eo
2397 2704 2502 2747 pepe
2545 2725 2573 2731 ..
2614 2678 2617 2683 ¹

180 2756 292 2812 -quod
320 2767 439 2808 quum
469 2766 493 2797 a
521 2756 698 2810 Bentlejo
728 2751 792 2801 illo
823 2758 981 2811 quidem
1009 2770 1089 2801 non
1116 2759 1329 2801 nominato
1347 2759 1387 2798 et
1414 2766 1480 2798 res
1510 2758 1552 2797 et
1579 2756 1704 2799 verba
1733 2761 1932 2811 sumeret,
1971 2757 2011 2799 id
2039 2759 2193 2812 ipsum,
2233 2760 2337 2812 quod
2368 2771 2583 2853 argumep
2610 2801 2612 2804 ,

973 2928 1010 2938 ..
2456 2916 2461 2938 l
2515 2919 2518 2935 2
2568 2930 2572 2938 ,

180 2959 298 3001 locus
318 2961 498 3011 insignis
526 2961 680 3003 Horatii
710 2965 886 3006 ostendIt
914 2989 968 2994 —
997 2938 1039 3007 et
1068 2966 1212 3009 Gellius
1241 2965 1341 3008 ΧΙΠ.
1370 2964 1436 3005 28-
1469 2986 1521 2993 -
1554 2967 1614 3005 et
1625 2968 1765 3007 auctor
1792 2964 1843 3006 ad
1870 2938 2040 3005 Hbreml·
2071 2964 2133 3005 IV·
2166 2967 2204 3007 8-
2245 2990 2300 2995 —
2346 2969 2567 3022 Caesar¹
2575 2957 2602 2983 ⁸*

178 3014 460 3071 Terentio:
505 3029 565 3072 Tu
594 3041 773 3089 quoque,
811 3035 854 3074 tu
882 3035 924 3075 ιιι
953 3035 1141 3087 summis,
1177 3043 1200 3076 ο
1225 3032 1429 3077 dimidiate
1458 3031 1696 3087 Menander,
1725 3033 1893 3076 Poneris
1923 3036 1964 3075 et
1991 3035 2156 3088 merim
2198 3038 2317 3087 puri
2360 3048 2591 3090 sermon

183 3101 370 3140 ιιιιιιιῐυι-
398 3098 622 3141 Lenibus
661 3103 1049 3154 atqueutinam
1086 3104 1306 3155 scriptis
1346 3101 1595 3155 adjuncta
1633 3103 1782 3145 foret
1813 3104 1915 3155 vis,
1943 3102 2013 3144 ubi
2050 3104 2164 3156 puri
2201 3108 2246 3145 et
2272 3105 2413 3149 lenis
2451 3118 2525 3152 acc
2552 3132 2559 3157 ι,
2583 3094 2614 3154 J

185 3177 283 3207 non
310 3168 514 3221 tumidi,
544 3179 642 3219 non
668 3171 882 3223 inflati,
906 3172 1008 3213 non
1027 3171 1296 3224 -poetici‚“
1326 3170 1431 3222 quod
1457 3175 1716 3224 praeceptum
1745 3176 1786 3213 et
1813 3171 1903 3217 aliis
1931 3171 2032 3213 locis
2062 3176 2103 3213 et
2130 3172 2250 3216 Plinii
2268 3174 2395 3227 Epist.
2417 3177 2499 3227 VII.
2521 3181 2568 3233 9,

131 3261 141 3273 ,
180 3234 345 3276 verbis:
376 3246 496 3289 „nam
524 3239 646 3290 saepe
675 3239 729 3280 in-
746 3241 949 3282 orationes
979 3251 1135 3293 quoque
1162 3249 1250 3285 non,
1270 3238 1489 3282 historicae
1518 3240 1651 3294 modo,
1681 3239 1754 3282 sed
1781 3250 1908 3293 prope
1943 3241 2192 3293 poeticae
2234 3243 2412 3286 deseri
2422 3243 2576 3298 ptioit,
2604 3250 2608 3254 ’

181 3304 411 3346 necessitas
439 3305 579 3346 incidilz
606 3308 647 3347 et
673 3317 894 3358 pressus
925 3313 1092 3351 sermo
1127 3317 1371 3363 purusque
1401 3316 1452 3347 ex
1481 3309 1663 3359 epistolis
1694 3309 1870 3360 petitur“
1900 3308 2149 3350 confirmavit
2176 3311 2426 3354 Heindorlius
2456 3314 2635 3367 inum,

186 3373 311 3415 Serm.
340 3372 369 3414 1.
399 3374 441 3425 4,
470 3374 537 3416 54.
562 3385 605 3429 p.
636 3377 702 3428 97.
722 3386 819 3430 sq„
841 3387 976 3430 ,quem
1012 3379 1193 3431 sequitur
1217 3375 1445 3430 ,Ellendtius
1484 3378 1526 3419 in
1566 3376 1645 3420 Cic.
1685 3377 1792 3420 Brut.
1823 3379 1893 3432 75,
1923 3377 2019 3421 262.
2060 3378 2209 3431 Explic.
2239 3390 2277 3431 p.
2310 3382 2405 3424 415.
2436 3391 2503 3436 sq.
2559 3405 2575 3416 ψ
2624 3388 2629 3392 ’

175 3474 183 3478 -
2063 3449 2081 3489 1
2608 3463 2616 3482 ‚¹
