2812 3748
1234 254 1571 323 -5-.

166 444 247 477 uno
277 430 492 474 Theocriti
510 422 725 478 interprete
754 422 990 474 recesseris,
1020 420 1194 461 omnium
1223 419 1349 471 (conf.
1369 417 1612 467 Bernhardy.
1643 417 1743 458 Hist.
1774 416 1911 457 Graec.
1941 416 2031 457 Litt.
2061 428 2099 469 p.
2131 418 2262 469 398),
2292 420 2420 459 satius
2448 417 2603 463 videtur

131 480 136 488 ⁸
169 511 277 545 esse»
292 493 476 542 cautione
507 495 653 548 aliqua·
669 496 710 535 et
737 491 943 541 diligentia
971 488 1151 532 adhibita
1178 489 1337 539 penitus
1366 489 1552 539 scrutari,
1594 487 1631 526 si
1670 495 1771 536 quae
1811 486 1889 535 ipsi
1928 484 2020 525 huic
2051 495 2199 526 causae
2229 487 2310 527 sint
2338 487 2602 539 adiunctiora,
2639 505 2643 510 ·

168 579 287 622 quam
328 556 534 616 wilgarem
576 565 618 605 et
664 562 923 613 pervagatam
969 558 1077 599 illam
1122 558 1318 599 rationem
1366 553 1613 597 diversarum
1659 564 1791 596 rerum
1839 555 2074 596 societatem
2122 554 2343 607 quandam,
2366 554 2605 599 conciliandi

169 637 367 691 amplecti,
398 644 516 687 quam
545 630 703 684 sequuti
731 626 904 668 Bachius
935 626 983 668 de
1013 625 1194 669 Philetae
1223 625 1313 667 Vita
1345 635 1383 678 p.
1414 624 1453 667 5.
1484 627 1525 665 et
1553 622 1752 664 Prellerus
1781 622 1913 663 Doctr.
1943 622 2028 664 Hal.
2059 624 2215 685 Encycl.
2246 624 2309 664 ΙΙΙ.
2340 624 2473 676 22.·p.
2503 625 2602 666 298.

168 703 355 759 εις-ΨΜ
384 713 474 745 cum
503 702 565 744 de=
582 699 672 741 aliis
701 696 835 737 multis
864 698 947 736 tum
977 696 1026 736 de
1056 695 1267 736 Theocrito
1297 697 1338 735 et
1365 693 1571 754 Apollonio
1601 677 1754 741 *odio
1784 691 1954 743 dicitur,
1998 693 2037 733 id
2076 695 2116 733 in
2146 693 2343 734 Philetam
2382 695 2442 735 sic
2469 698 2602 735 mns-

166 775 352 825 tulcrunt,
368 775 434 813 ,ut
451 773 612 824 poetam
639 765 842 807 ininsula
871 765 924 806 Co
953 767 1091 806 natum
1118 763 1357 815 aliquamdiu
1374 762 1514 804 —Rhodi
1541 762 1693 804 vixisse
1722 760 1946 813 proderent.
2004 760 2195 814 Equidem
2223 772 2364 804 vereor
2390 772 2442 804 ne
2471 771 2603 814 gran-

166 843 312 884 ma'tico
338 837 399 882 lin
442 834 687 890 explicandis
704 832 919 875 >Theocriti
963 831 1224 874 carminibus⁴
1247 832 1426 873 versanti
1468 831 1570 872 alius
1616 830 1796 882 eJusdem
1832 828 1896 869 vel
1934 829 2075 894 similis
2114 833 2276 882 generis
2314 835 2434 883 poeta
2471 831 2604 872 fraudi

165 910 299 952 mei-it.
360 908 484 957 Quum
512 903 687 944 enim'in
717 901 877 946 Moschi
899 903 1073 942 carmine
1102 900 1154 941 lll.
1185 902 1251 941 98.
1283 923 1333 928 —
1364 910 1458 940 nam
1488 909 1590 950 quae
1620 899 1768 938 Musuri
1798 908 1891 961 esse
1921 897 2090 938 obtinuit
2109 899 2282 940 Naekius
2312 899 2453 951 (Bach.
2474 910 2511 950 p.
2521 900 2603 946 17.

166 969 383 1025 Kiessling.
413 976 454 1013 in
485 970 653 1012 Theocr.
684 970 755 1010 Vll.
789 971 854 1009 13.
883 980 921 1020 p.
943 970 1049 1009 206.
1068 968 1228 1010 Preller.
1256 968 1281 1008 l.
1312 968 1347 1009 d.
1378 979 1416 1019 p.
1447 968 1543 1008 296.
1571 966 1662 1018 b.),
1699 977 1748 1007 ea
1777 966 1930 1007 Moschi
1958 966 2089 1008 dicere
2119 978 2222 1009 nunc
2250 967 2348 1009 libet
2375 970 2604 1019 propterea,

165 1046 270 1099 quod
287 1043 479 1085 Musurus
508 1050 575 1082 res
604 1037 740 1080 retulit
766 1039 945 1079 veterum
974 1038 1226 1090 scriptorum,
1254 1038 1299 1077 ιιι
1327 1035 1557 1088 apparebit,
1588 1035 1826 1076 auctoritate
1857 1036 2104 1075 contestatas
2157 1058 2209 1064 —
2258 1037 2381 1087 igitur
2409 1045 2528 1087 quum
2557 1037 2600 1077 in

166 1113 317 1156 Moschi
337 1112 522 1152 'carmine
547 1108 606 1159 lli.
635 1109 702 1148 98.
732 1106 797 1147 ille
827 1107 1111 1156 grammaticus
1140 1107 1363 1147 invenisset
1390 1102 1720 1154 Philetam‘apud
1751 1103 2029 1154 Triopidas
2071 1105 2212 1144 cives
2248 1109 2463 1146 cantasse:
2495 1106 2604 1157 (siv'e

167 1179 482 1227 mavis-credere
512 1177 563 1218 ab
595 1168 676 1217 alio
704 1175 890 1227 quopiam
918 1177 1038 1226 poeta
1057 1173 1253 1215 Philetam
1272 1171 1498 1224 Triopidam
1526 1171 1674 1213 dictum
1703 1171 1869 1223 fuisse),
1897 1171 2047 1212 factum
2076 1175 2153 1224 est,
2183 1173 2219 1213 is
2248 1177 2291 1214 ut
2318 1176 2605 1236 cogitationem

166 1248 391 1291 intenderet
421 1246 471 1288 ad
491 1245 708 1297 Triopium,
729 1231 869 1285 Cariae
897 1243 1208 1295 promontorium
1236 1241 1330 1283 illud
1349 1240 1598 1283 Doriensium
1627 1241 1858 1293 certamine,
1890 1241 2005 1292 cujus
2031 1240 2162 1282 honos
2192 1243 2322 1299 magis
2351 1243 2402 1283 ad
2421 1243 2605 1285 Rhodum

163 1316 297 1359 tribus
324 1314 551 1358 civitatibus
582 1313 799 1365 inclytam,
845 1321 963 1363 quam
993 1310 1043 1351 ad
1071 1321 1191 1351 unam
1220 1311 1339 1351 Coum
1367 1311 1564 1362 pertinere
1593 1308 1823 1361 videretur,
1868 1299 1999 1349 nobile
2016 1340 2027 1361 ,
2073 1310 2177 1361 quod
2206 1314 2518 1361 promontorium
2551 1311 2603 1353 ab

164 1385 326 1437 Triopa,
344 1383 462 1424 -Solis
493 1385 534 1423 et
562 1377 814 1433 Rhodi‘filio,
845 1380 1082 1432 appellatum
1112 1391 1205 1443 esse
1234 1379 1429 1428 vulgatior
1457 1378 1567 1418 fama
1595 1373 1676 1417 fert
1705 1377 1875 1427 (Diodor
1903 1378 1947 1418 V.
1977 1390 2015 1429 p.
2047 1380 2144 1430 379,
2176 1380 2248 1430 8.).
2309 1379 2479 1423 Tantum
2508 1392 2605 1424 vero

166 1454 295 1505 abest,
320 1455 383 1492 *ut
427 1451 478 1492 ad
520 1451 719 1502 Triopam,
764 1451 850 1501 qui.
875 1448 1245 1512 „Heliadarum
1287 1458 1411 1489 unus
1454 1446 1623 1487 fratrem
1665 1446 1856 1498 Tenagen
1902 1458 1991 1488 cum
2035 1447 2253 1490 occidisset
2291 1459 2336 1491 se
2375 1450 2416 1491 in
2445 1448 2605 1493 Cariam
2646 1466 2648 1469 ·

163 1517 317 1574 recepit
345 1523 464 1572 atque
494 1519 584 1560 inde
616 1517 758 1559 Carum
788 1517 943 1559 adscita
971 1516 1218 1557 multitudine
1247 1512 1341 1557 hinc
1371 1517 1411 1555 in
1440 1514 1664 1555 Rhodum
1694 1515 1997 1565 commigravit“
2027 1515 2169 1557 Meurs.
2191 1518 2316 1558 Rhod.
2347 1518 2375 1558 l.
2407 1519 2445 1561 5.
2474 1531 2512 1571 p.
2538 1521 2604 1560 13.

165 1589 253 1631 add.
284 1589 412 1630 Sturz.
443 1585 704 1629 in-Hellanic.
734 1586 783 1627 fr.
816 1585 925 1626 CXV.
954 1584 993 1625 b.
1022 1595 1060 1636 p.
1096 1585 1187 1625 148.
1204 1614 1215 1636 ,
1251 1585 1301 1635 is,
1331 1593 1447 1635 quem
1476 1583 1604 1635 attuli,
1633 1583 1786 1624 Moschi
1814 1584 1928 1624 locus
1958 1588 2143 1635 spectare
2173 1585 2251 1626 dici
2280 1591 2401 1637 queat
2421 1611 2473 1616 —
2495 1592 2606 1629 vetat

165 1657 407 1699 eni1n‚fluvii
436 1656 588 1697 Alentis
618 1656 766 1696 mentio
796 1654 985 1706 adjuncta
1014 1653 1235 1706 (Theocrit.
1265 1651 1341 1693 vii.
1374 1654 1409 1692 1.
1439 1655 1480 1693 et
1508 1651 1642 1693 Schol.
1673 1663 1709 1704 p.
1731 1654 1828 1693 903.
1849 1652 1995 1693 Kiessl.
2025 1664 2063 1704 p.
2095 1654 2161 1694 23.
2193 1654 2325 1695 Adert.
2349 1647 2502 1703 Ἀλεύς
2530 1651 2605 1698 τό·

164 1739 252 1774 πος
281 1722 330 1770 ἐν
361 1723 439 1781 Κῷ
471 1748 553 1777 -,
589 1726 633 1765 ut
661 1723 829 1774 intelligi
857 1732 1028 1763 necesse
1058 1723 1112 1762 sit
1140 1723 1364 1780 nominatos
1394 1731 1486 1762 esse
1517 1720 1727 1772 Triopidas
1757 1732 1808 1761 ex
1836 1723 1996 1779 nomine
2027 1722 2200 1775 Triopis,
2229 1734 2346 1775 quem
2374 1725 2496 1766 filium
2524 1725 2610 1767 Ab·

165 1796 271 1835 antis
307 1779 361 1824 4-
389 1792 659 1835 Phorbantem
689 1792 757 1832 alii
784 1794 929 1832 vocant
957 1794 1112 1842 patrem
1131 1791 1266 1840 Argivi
1295 1790 1462 1846 Triopae
1493 1812 1546 1818 —
1577 1789 1825 1840 eundemque
1845 1784 2136 1832 Coae'insulae
2164 1803 2301 1843 regem
2330 1793 2459 1835 fuisse
2480 1794 2606 1836 Jason

163 1873 306 1903 rerum·
326 1861 556 1902 Cnidiamm·
581 1862 754 1911 scriptor
782 1859 956 1899 tradidit.
1016 1858 1113 1898 Rem
1141 1859 1302 1898 minime
1343 1859 1551 1909 protritam
1594 1857 1717 1908 (quae
1746 1858 1913 1909 Papium
1942 1858 2019 1910 lex.
2050 1870 2088 1910 p.
2119 1861 2215 1901 387.
2245 1860 2345 1903 adeo
2374 1862 2532 1914 fefellit,
2561 1866 2607 1903 ut

162 1930 305 1972 urbem·
320 1928 426 1971 Coae
455 1929 610 1971 insulae
637 1925 836 1983 Τρίοπον
865 1928 1049 1969 extitisse
1078 1928 1245 1979 ejusque
1276 1927 1384 1968 cives
1412 1922 1656 1981 Τριοπίδας
1684 1924 1814 1967 dictos
1844 1925 1973 1967 fuisse
2003 1929 2207 1981 narraret)
2236 1927 2455 1970 retulerunt
2481 1930 2606 1971 inter·

161 2000 318 2052 positis·
336 1999 578 2040 testimoniis
610 1996 812 2038 Theocriti
841 1996 1009 2048 ejusque
1040 1995 1290 2037 scholiastae
1318 1994 1425 2043 XVll.
1456 1996 1522 2035 68.
1552 2004 1589 2045 p.
1621 1996 1717 2035 969.
1784 1991 1935 2050 Τρίοψ
1963 1993 2044 2051 γὰρ
2072 1994 2278 2050 βασιλεὺς
2306 1997 2383 2051 τῆς
2403 1991 2605 2053 Κῶ,ἆφ’

164 2058 217 2108 οὗ
242 2064 297 2108 τὸ
328 2059 902 2124 ἇκρωτῆριονπῆςιΚνίδου
933 2067 974 2105 et
1003 2067 1070 2105 69.
1099 2075 1138 2121 p.
1161 2065 1262 2104 970.
1290 2059 1343 2103 τὸ
1373 2061 1421 2103 δὲ
1454 2060 1652 2118 Τρίοπον
1680 2055 1954 2117 ἀκρωτήριον
1980 2063 2057 2117 τῆς
2078 2063 2249 2106 Κνίδου
2281 2058 2376 2107 ἆπό
2403 2061 2607 2120 Τριόπου

160 2134 243 2176 τοῦ
264 2129 513 2191 Ἄβαντος,
552 2125 616 2185 ,ὥς
646 2130 695 2175 ἐν
722 2136 816 2180 τοῖς
845 2135 948 2188 περὶ
976 2130 1148 2174 Κνίδου
1172 2125 1335 2195 Ἰάσων
1363 2132 1500 2186 φησίν
1543 2137 1590 2173 ac
1632 2130 1828 2183 Stephani
1870 2131 2050 2181 Byzantii
2091 2145 2130 2186 p.
2165 2136 2258 2188 19'7,
2289 2136 2356 2176 30.
2414 2132 2609 2192 Μέροψ,

169 2198 348 2259 Τριόπα
377 2206 501 2254 παῖς,
532 2196 610 2257 ἀφ’
645 2193 698 2244 οὗ
727 2201 939 2257 Μέροπες
968 2198 1016 2243 οἵ
1041 2199 1168 2257 Κῷοι
1196 2199 1454 2242 Casaubonus
1483 2201 1525 2241 in
1554 2199 1737 2252 Inscript.
1767 2199 1912 2241 Herod.
1932 2211 1970 2253 p.
1993 2202 2089 2243 351.
2121 2202 2234 2244 Cren.
2264 2203 2362 2245 Mus.
2392 2202 2421 2244 1.
2452 2203 2606 2245 Salma-

163 2274 328 2325 siusque
357 2283 395 2325 p.
414 2273 494 2316 36.
514 2274 571 2313 et
595 2272 662 2313 39.
704 2271 817 2313 Cren.
846 2270 943 2313 Mus.
972 2271 1012 2312 ll.
1043 2273 1084 2312 et
1111 2269 1339 2312 Holstenius
1371 2269 1411 2310 in
1441 2268 1579 2321 Steph.
1609 2269 1700 2319 Byz.
1730 2279 1768 2321 p.
1800 2270 1896 2311 325.
1930 2279 1977 2311 ac
2008 2271 2274 2323 spanhemius
2305 2274 2346 2313 in
2375 2272 2604 2314 callimach.

162 2340 246 2381 Del.
280 2343 374 2382 160.
404 2351 442 2392 p.
474 2341 570 2381 429.
602 2343 643 2380 et
672 2339 758 2380 Cer.
789 2342 855 2380 31.
886 2351 924 2391 p.
957 2342 1052 2380 686.
1095 2339 1200 2379 conf.
1231 2339 1358 2378 Sturz.
1388 2340 1430 2377 in
1458 2331 1648 2389 Hellanic.
1683 2338 1734 2378 fr.
1764 2338 1922 2379 XXVlll.
1952 2351 1991 2391 p.
2022 2342 2119 2392 74,
2161 2341 2339 2382 fortasse
2368 2342 2606 2383 recordatus

163 2412 230 2449 est
256 2410 313 2449 JS.
342 2409 526 2459 Vossius,
557 2418 676 2458 quum
705 2408 972 2459 apudSchol.
1003 2407 1170 2448 Theocr.
1199 2418 1236 2448 v.
1258 2408 1324 2447 61.
1353 2417 1392 2457 p.
1413 2408 1508 2447 969.
1539 2399 1810 2461 Κασάνδρου
1842 2402 2176 2457 ἐσπουδακότος
2203 2406 2285 2463 τῆν
2313 2405 2364 2451 ἐν
2391 2408 2454 2466 τῷ
2483 2421 2608 2466 πορι-

161 2477 329 2532 τροπῐῳ
363 2472 435 2528 (ἐν
461 2474 524 2532 τῷ
561 2471 782 2532 Τριοπίῳ)
813 2474 907 2518 τῶν
934 2474 1140 2531 Δωριέων
1170 2468 1362 2517 σύνοδον
1390 2474 1535 2525 corrigi
1563 2470 1645 2529 τῆν
1689 2470 1747 2516 ἐν
1775 2471 1825 2515 K
1829 2474 1864 2532 ᾧ
1908 2478 2011 2532 περὶ
2046 2471 2266 2532 Τριόπιον
2286 2500 2302 2508 -
2322 2472 2518 2519 σύνοδον
2539 2480 2606 2530 Ju-
2629 2492 2636 2496 ’

162 2543 276 2585 beret
303 2536 571 2597 nequidquam
599 2545 640 2584 in
670 2543 774 2593 Scyl.
804 2544 948 2595 Peripl.
978 2554 1017 2595 p.
1048 2545 1115 2584 91.

366 2613 437 2652 His
467 2615 524 2653 ita
553 2612 784 2652 deliberatis
814 2614 855 2652 et
882 2613 1112 2653 constitutis
1139 2611 1294 2663 liquet,
1317 2621 1394 2670 quo
1412 2621 1560 2651 *verum
1588 2613 1765 2663 eruatur,
1796 2610 2003 2654 subtiliore
2033 2624 2130 2655 cura
2158 2615 2202 2668 in
2229 2624 2320 2656 eam
2348 2616 2479 2669 ipsam
2511 2625 2603 2668 par-

161 2683 242 2720 tem
272 2680 542 2731 quaerendum
571 2690 679 2732 esse,
709 2681 763 2721 in‘
781 2675 899 2732 quam
929 2681 1113 2732 spectare
1142 2678 1349 2721 voluerunt
1378 2677 1484 2720 docti
1512 2677 1697 2720 homines
1727 2678 1821 2721 iilud
1850 2679 1975 2722 Dori
2002 2685 2148 2734 poetae
2180 2685 2499 2734 cognomentum.
2528 2683 2606 2724 Re-

161 2748 393 2799 periendum
422 2750 487 2790 est
516 2749 622 2791 enim
651 2747 733 2790 tale
759 2739 1024 2802 vocabulum,
1070 2747 1174 2801 quod
1202 2747 1397 2789 Philetam
1435 2736 1647 2799 perspicue
1670 2747 1928 2801 demonstret,
1959 2751 2020 2791 sic
2057 2754 2329 2802 comparatum
2346 2781 2359 2804 ,
2403 2754 2447 2791 ut
2475 2761 2527 2791 ex
2555 2762 2606 2792 eo

162 2825 260 2857 uno
288 2817 514 2867 pelluceant
542 2820 584 2857 et
612 2817 900 2869 quodammodo
918 2822 1199 2868 agnoscantur
1225 2817 1396 2869 litterae,
1427 2815 1572 2867 quibus
1602 2816 1731 2860 duae
1761 2818 1849 2858 illae
1880 2829 2001 2859 voces
2031 2822 2244 2860 constant:
2275 2820 2397 2861 dure
2426 2823 2605 2873 poeta,

164 2885 400 2934 conjunctae
430 2890 472 2926 et
499 2887 770 2927 continuatae.
826 2886 1097 2938 Nequeenim
1124 2886 1295 2928 dubitari
1318 2886 1405 2937 jam
1432 2874 1589 2938 potest,
1631 2887 1726 2937 quin
1754 2888 1796 2927 in
1824 2886 1954 2928 locum
1983 2889 2154 2929 nominis
2184 2888 2394 2930 insolentis
2425 2888 2608 2941 adeoque

163 2950 356 3004 abstrusi,
384 2955 428 2993 ut
450 2954 537 3004 jam
566 2955 790 3009 antiquitus,
813 2954 1065 2996 librariorum
1093 2954 1335 2995 intellectum
1362 2953 1552 3004 fugeret„
1562 2945 1751 3006 exemplo
1775 2956 1936 2996 minime
1965 2966 2065 2997 novo
2112 2957 2210 3008 (vid.
2239 2958 2287 2998 de
2316 2957 2436 3013 Prop.
2460 2957 2504 2998 li.
2539 2959 2607 3010 1⁰,

162 3020 232 3059 46.
261 3018 372 3069 Valg.
402 3032 441 3071 p.
470 3021 589 3073 340.)
634 3021 944 3065 suffectaeesint
966 3033 1089 3064 voces
1117 3022 1379 3083 planissimae
1404 3022 1557 3073 petitae
1586 3022 1676 3064 illae
1707 3034 1758 3065 ex
1784 3025 2027 3077 propinqum
2072 3026 2115 3065 in
2152 3024 2253 3067 libro
2293 3025 2611 3069 secundoenim

163 3089 344 3129 extremo
371 3087 466 3142 (25,
494 3090 584 3143 44.)
613 3091 720 3133 haec
747 3092 912 3133 extant:
942 3091 1095 3144 „Inque
1121 3093 1216 3132 tuos
1242 3091 1373 3143 ignes,
1414 3089 1537 3131 dure
1581 3094 1769 3145 poeta⁷
1796 3092 1931 3133 venif‘
1985 3093 2072 3133 «lam
2102 3094 2328 3136 recordanti
2357 3105 2609 3136 communem

150 3158 371 3205 ,poetarum
400 3160 729 3201 consuetudinem
756 3161 1022 3201 vetustissimi
1060 3162 1129 3200 aut
1168 3159 1383 3200 clarissimi
1420 3160 1618 3211 cujusque
1654 3162 1767 3211 regis
1794 3172 1936 3203 nomen
1976 3163 2016 3203 in
2052 3164 2182 3213 ipsam
2212 3167 2373 3214 gentem
2402 3165 2613 3206 mutuandi
2626 3199 2646 3224 .-

163 3221 384 3273 (Priscian.
410 3224 452 3265 ll.
481 3228 522 3277 6,
552 3228 621 3267 35.
648 3239 687 3278 p.
719 3228 1026 3269 80..Burmann.
1055 3229 1101 3268 in
1125 3227 1235 3278 Virg.
1263 3227 1364 3268 Aen.
1390 3226 1438 3267 V.
1461 3229 1532 3268 45.
1550 3239 1591 3280 p.
1611 3231 1710 3270 604.
1738 3228 2035 3272 Drakenborch.
2066 3231 2108 3272 in
2138 3231 2207 3273 Sil.
2228 3232 2309 3274 XV.
2331 3233 2486 3286 320..p.
2509 3234 2610 3275 763.
2637 3258 2645 3267 =

164 3290 316 3333 Staver.
347 3292 562 3344 mni-gin.
591 3293 688 3336 Fab.
717 3296 907 3337 CCLxxi.
935 3308 974 3349 p.
995 3297 1092 3337 376.
1112 3306 1176 3347 sq.
1204 3295 1372 3349 Seidler.
1398 3296 1443 3336 in
1468 3296 1605 3349 Eurip.
1630 3296 1691 3338 El.
1719 3299 1815 3339 707.
1844 3309 1882 3351 p.
1905 3300 1974 3340 98.
2002 3298 2198 3341 Welcker.
2229 3301 2321 3350 Syll.
2352 3301 2476 3343 Inscr.
2502 3303 2607 3350 188.

160 3369 199 3410 p.
217 3358 357 3410 232.)-
392 3364 606 3402 occurrunt
625 3362 676 3402 ‘et
691 3365 823 3414 quasi
851 3364 986 3406 lucent
1013 3365 1179 3406 nomina
1206 3363 1396 3417 Triopis,
1435 3358 1488 3405 de
1525 3375 1606 3417 quo
1646 3365 1917 3417 praediximus
1933 3398 1945 3420 ,
1981 3370 2031 3408 ,et
2059 3368 2230 3421 Meropis
2254 3372 2379 3420 atque
2407 3370 2640 3422 Eurypyii.

159 3426 442 3477 uenit-‚igitur
469 3427 668 3472 Philotam
696 3433 858 3483 poetam
885 3433 1089 3486 appellare
1125 3435 1167 3476 et
1195 3426 1427 3500 Μεριξπων
1457 3426 1602 3477 ἆστόν
1646 3434 1709 3487 (ιιι
1736 3435 1976 3487 Meleagrum
2005 3436 2139 3490 Epigr.
2170 3429 2328 3481 ἇδεσπ.
2360 3437 2538 3482 DLXXll.
2566 3441 2611 3482 4.
2642 3488 2645 3490 ,
