2812 3748
1322 276 1659 336 ——2'9—

270 460 306 502 p.
324 445 424 490 470.
453 446 549 488 708.
577 444 623 487 Τ.
648 443 686 488 ll.
715 444 820 487 conf.
846 443 990 494 Meyer.
1017 442 1134 491 Anth.
1163 455 1200 496 p.
1223 440 1314 487 123.
1337 441 1427 486 188.
1455 444 1652 496 suspicati
1679 444 1775 484 sunt
1801 443 1864 495 (et
1892 441 1943 484 ab
1972 441 2121 486 Jacobo
2141 442 2268 494 Bag-io
2297 441 2456 494 quidem
2482 441 2712 490 confect-

269 516 412 564 meyer.
440 514 633 567 inaeepigr.
665 512 784 557 1548.
811 507 854 567 p.
881 509 995 566 122.)
1010 543 1023 567 ,
1066 522 1092 556 a
1119 512 1253 556 Moero
1282 514 1416 556 autem
1442 512 1671 555 celebratas
1699 510 1830 553 fuisse
1867 511 2181 563 Anigriades
2219 509 2423 564 Nymphas
2463 510 2536 564 (de
2563 509 2713 565 quius

269 587 363 626 ante
390 594 465 627 nos
494 581 594 625 dixit
623 580 883 624 Staverenius
907 580 1020 625 msc.
1050 580 1289 631 obss-‚crit
1319 578 1373 627 X.
1401 592 1438 634 p.
1467 581 1568 635 57.),
1624 579 1742 622 Libet
1767 582 1903 622 autem
1931 578 1983 622 ab
2010 579 2088 623 hoc
2116 574 2253 634 versu,
2281 580 2351 633 qui
2377 580 2561 635 eandem,
2589 590 2714 633 qum

265 651 465 705 Propertii
505 650 636 703 elegia
677 650 734 702 (v.
762 649 866 703 46.),
893 649 1016 692 habet
1044 649 1275 691 saltanti-
1289 649 1498 693 ,Naiadum
1525 652 1768 692 mentionem
1783 679 1797 701 ,
1840 658 1943 704 quae
1971 658 2050 701 quo
2077 650 2279 702 pertineat
2287 647 2542 705 ,intelligitur
2568 649 2633 691 vei
2657 660 2714 692 ex

267 720 383 761 Obss.
404 719 513 763 CrItt.
531 720 574 762 in
600 718 718 761 Anth.
738 718 799 761 Gr.
827 718 852 760 1.
871 718 908 762 ἀ.
934 730 971 772 p.
994 717 1028 762 1.
1058 717 1146 761 add.
1173 717 1307 771 Epigr.
1333 718 1490 763 Platon.
1519 716 1690 762 XlV..6.
1709 729 1748 771 p.
1771 716 1863 761 105.
1892 717 2009 762 Ant-h.
2038 717 2100 761 Gr.
2127 717 2157 760 1.
2185 720 2228 760 et
2253 715 2366 760 Paul.
2394 716 2533 761 Silent.
2552 714 2711 762 vau

267 791 305 829 7.
333 799 369 840 p.
398 789 466 831 56.
496 788 538 831 Τ.
565 785 665 840 lV.,
702 785 856 837 digredi
884 786 936 828 ad
963 786 1254 830 restituendum
1279 786 1410 844 iocum
1437 787 1772 830 Aristaeneti
1797 785 1922 838 Epist.
1950 785 1978 828 Ι.
2007 783 2111 839 3.-,μ
2143 785 2206 829 14.
2248 776 2469 841 malfiae-v
2497 777 2614 838 οὖν,
2657 783 2712 841 νῆ

206 860 214 866 “
264 853 345 903 τὰς
372 853 563 903 κοπίδας
588 848 820 910 Νύμφας,
852 855 929 898 ml
956 846 1060 896 καθ’
1093 849 1259 909 ἑαυτὴν
1279 846 1310 910 ἢ
1338 850 1456 911 πηγή
1469 886 1487 906 ,
1528 852 1803 911 φαιδροτὲρα
1836 851 1886 895 δὲ
1910 850 2083 907 μᾶλλον
2111 847 2252 895 ἐδόκει
2277 855 2374 907 τοῖς
2402 845 2714 910 εὔυδεστέρας

266 920 629 978 &nemun-‘lewa
649 921 743 965 τῶν
770 916 951 978 φύλλων
977 924 1053 965 καὶ
1079 925 1175 971 τοῖς
1200 921 1353 977 μέλεσι
1379 923 1457 978 τῆς
1485 916 1733 978 Λειμόνης.
1791 921 1866 963 Ubi
1895 921 2002 974 quod
2028 921 2175 973 legiun-
2201 919 2447 970 κοπίδας
2474 920 2714 967 vocabulum

265 993 334 1043 qui
360 992 583 1033 reformare
614 991 917 1043 integritatique
955 990 1122 1034 reddere
1155 1002 1271 1033 suae,
1293 992 1530 1034 studuerunt
1572 988 1783 1044 (κηπίδας
1810 990 1926 1041 Herc.
1954 990 2083 1034 Boiss.
2112 987 2300 1037 πίδακος
2326 989 2459 1039 Ριιιιι.,
2478 990 2711 1041 amcam<

264 1059 399 1101 D’OrV.
418 1059 630 1113 κρηναίας
647 1057 779 1102 bavis.
801 1057 1050 1114 nequitatiae
1068 1060 1130 1102 vel
1148 1057 1434 1107 ncdoeoetudac
1453 1059 1645 1102 Abreseh.
1666 1052 1977 1106 καλυκώπιδας
1994 1057 2150 1100 Ruhnk.
2169 1051 2457 1107 κυανώπιδας
2475 1057 2662 1109 Wyuenb
2664 1061 2713 1114 .),

266 1137 406 1173 omnes
434 1126 617 1171 videntur
644 1128 686 1171 in
713 1126 819 1171 hanc
848 1129 1003 1182 partem
1029 1130 1279 1183 peccavisse,
1307 1126 1414 1182 quod
1440 1137 1582 1183 parum
1608 1129 1858 1182 reputarunt,
1886 1128 1926 1170 si
1954 1128 2046 1181 quis
2064 1126 2273 1181 pulchrum
2300 1136 2395 1169 esse
2423 1137 2530 1182 eum,
2558 1127 2609 1171 de
2628 1139 2710 1183 qno

241 1205 408 1237 —sermo
425 1197 504 1249 est,
530 1195 682 1239 fontem
709 1207 781 1250 per
807 1195 1074 1250 Nympharum
1100 1205 1248 1239 numen
1275 1196 1478 1239 affirmare
1505 1197 1706 1250 instituat,
1740 1198 1779 1237 ei
1808 1197 1968 1237 omnino
1995 1195 2223 1237 faciendum
2250 1205 2375 1249 esse,
2417 1200 2465 1237 ut
2489 1199 2604 1250 ipm
2632 1208 2711 1239 ens

261 1245 434 1305 testetur
452 1264 690 1319 ·,Nymphas
729 1274 832 1318 quae
861 1266 956 1306 sunt
981 1264 1237 1317 pulchrarum
1265 1275 1459 1318 aquarum
1479 1258 1758 1308 documentum
1785 1266 2052 1317 perspicuum.
2110 1263 2306 1306 Censetur
2332 1266 2468 1308 autem
2492 1264 2591 1308 fons
2620 1277 2708 1309 sa-

262 1332 415 1375 lienti
459 1334 591 1385 aqua
634 1333 739 1377 conf.
767 1332 866 1376 Plin.
894 1332 1019 1387 Epist.
1048 1333 1085 1377 11.
1118 1332 1184 1388 17,
1212 1322 1281 1377 25.
1317 1336 1366 1376 et
1407 1343 1668 1387 quoscunque
1711 1332 1993 1375 saltationum
2013 1342 2039 1375 a
2065 1321 2257 1387 Nymphis
2295 1335 2549 1387 peractarum
2576 1337 2707 1378 testes

262 1411 385 1466 supra
407 1401 605 1447 dedimus.
641 1401 791 1452 Quare
820 1402 1002 1456 equidem
1030 1404 1216 1456 suspicor
1241 1401 1495 1449 librariorum
1522 1402 1694 1456 litteras,
1724 1409 1827 1454 quae
1856 1401 2104 1455 superscribi
2132 1402 2324 1456 solerent,
2351 1405 2398 1444 ut
2423 1402 2471 1443 lit
2496 1403 2706 1455 negligen-

262 1474 361 1513 tium
389 1472 550 1513 levitate
577 1471 730 1513 factum
757 1482 866 1524 esse,
893 1475 937 1513 ut
964 1473 1007 1513 in
1033 1481 1138 1525 eam,
1172 1482 1293 1524 quam
1320 1474 1537 1525 cernimu8‚
1577 1473 1783 1524 speciem:
1812 1463 2002 1519 κοπιδας
2030 1470 2294 1513 deduceretur
2322 1470 2572 1526 vocabulum,
2601 1473 2709 1526 quod

259 1540 393 1581 fuerat
421 1537 727 1593 χο(ρι)τιδας.·
770 1536 1104 1595 χορίτιδαςς
1147 1549 1287 1592 parum
1315 1541 1423 1582 enim
1449 1539 1606 1582 litteras
1637 1554 1662 1580 κ
1690 1541 1732 1580 et
1759 1551 1787 1589 χ
1815 1538 1975 1585 differre
2004 1536 2182 1582 declarat
2212 1537 2463 1582 Villoisonus
2490 1540 2639 1583 Anecd.
2667 1541 2706 1584 ss.

258 1621 295 1662 p.
320 1607 412 1651 125.
441 1610 520 1665 not.
577 1607 704 1651 Koen.
731 1609 774 1650 in
802 1607 916 1660 Greg.
945 1607 1034 1649 Cor.
1062 1618 1098 1660 p.
1117 1605 1213 1652 343.
1241 1619 1301 1661 sq.
1328 1608 1521 1650 Bernard.
1543 1609 1587 1650 in
1614 1607 1739 1650 Noun.
1766 1607 1867 1661 Epit.
1895 1605 1999 1651 LIX
2027 1619 2063 1661 p.
2082 1605 2179 1652 231.
2197 1619 2257 1661 sq.
2285 1608 2440 1663 κίμερα
2471 1608 2705 1664 (χίμαιρα)

261 1677 395 1718 Schol.
424 1661 623 1718 Plutarch.
653 1678 713 1728 ap.
744 1676 878 1731 Creuz„
907 1676 1049 1718 Melett.
1078 1676 1121 1717 ll.
1149 1686 1186 1728 p.
1214 1676 1297 1729 21.,
1327 1676 1407 1718 alia
1434 1677 1558 1718 multa
1587 1676 1714 1719 Theb.
1744 1676 1888 1718 Parad.
1919 1676 2062 1718 Coroll.
2092 1674 2278 1718 XXVlll.
2307 1688 2345 1729 p.
2374 1675 2471 1720 463.
2499 1688 2560 1730 sq.
2606 1678 2707 1721 Ειιιιι

259 1750 393 1787 autem
421 1747 463 1788 in
490 1745 656 1788 modum
677 1745 942 1788 Callimachus
982 1745 1082 1787 dixit
1110 1744 1220 1788 Dian.
1254 1744 1316 1789 15.
1345 1742 1572 1801 χορίτιδας
1594 1737 1876 1831 Ὠκεανίνας.
1907 1745 1982 1789 vid.
2012 1743 2169 1788 Ruhnk.
2197 1745 2323 1799 Epist.
2340 1745 2443 1789 Crit.
2473 1746 2512 1789 11.
2542 1759 2577 1800 p.
2612 1746 2706 1792 141.

260 1813 382 1856 Theb.
412 1812 552 1857 Parad.
582 1812 720 1856 Coroll.
747 1811 885 1856 xxvi
915 1824 951 1867 p.
980 1812 1075 1857 459.

1289 2012 1529 2080 caput
1578 2012 1669 2068 V.

259 2145 338 2181 Coa
384 2147 394 2181 i
398 2114 523 2181 asulae
503 2157 654 2182 euome
656 2158 678 2182 ιι
703 2130 884 2187 Κόως,
926 2133 987 2183 c'o
997 2158 1065 2190 os,
1106 2146 1226 2184 Cous
1265 2148 1344 2191 (u.t
1393 2145 1610 2183 Philetae
1651 2146 1773 2184 Coos
1821 2145 2057 2193 plaudit‘u)
2101 2146 2196 2184 an
2217 2131 2346 2195 (ἓῷα)
2383 2146 2517 2183 dieitur
2552 2146 2700 2185 Oriens.

349 2194 591 2257 Triptolemus
628 2203 791 2247 Chilon
799 2204 841 2240 ia
848 2204 953 2241 fil
942 2216 1009 2241 us
1057 2203 1300 2250 Cydonia,
1317 2216 1340 2239 a
1379 2216 1471 2258 qua.
1477 2203 1664 2251 appellata
1695 2210 1752 2241 est
1782 2204 1901 2241 insula
1932 2204 2103 2252 Cydonia
2129 2204 2253 2242 Iaetbo
2285 2205 2466 2253 apposita.
2515 2203 2713 2242 Euadne-

347 2271 403 2294 ma
383 2246 464 2295 ιιι-111
500 2261 644 2308 ignibus
682 2272 750 2297 eno
754 2268 880 2297 sumta.
928 2260 1022 2297 Num
1057 2269 1158 2297 recte
1194 2261 1337 2297 dicatur
1373 2262 1518 2311 Bajae
1557 2273 1672 2308 aqua
1679 2274 1712 2299 e.
1761 2262 1930 2299 Simois
1963 2266 2137 2310 (portus).
2186 2264 2321 2299 stet-nu
2322 2268 2480 2298 umente
2509 2263 2696 2298 matutina.

249 2333 260 2339 ⁸
347 2317 490 2353 Boreas
515 2318 595 2361 (Bo
603 2329 650 2353 re
659 2305 959 2363 a)ex'1·aurieis
984 2319 1165 2355 montibus
1189 2326 1290 2355 ortus
1315 2320 1475 2356 Maeotin
1501 2319 1635 2366 palude
1637 2331 1670 2355 ιιι
1695 2320 1815 2367 glacie
1838 2321 2066 2366 constringit.

208 2462 212 2470 .
462 2423 584 2474 Quem
613 2435 735 2479 supra
762 2435 848 2479 cap.
876 2425 904 2468 Ι.
932 2437 968 2479 p.
987 2425 1026 2470 4.
1054 2425 1380 2480 significavimus,
1407 2425 1541 2468 locum
1570 2424 1736 2469 Statii
1763 2426 2000 2481 Epithalam.
2029 2426 2177 2470 Stellae
2205 2430 2248 2468 et
2278 2423 2453 2471 violant.
2484 2426 2580 2470 247.
2612 2437 2715 2482 sqq..

258 2492 349 2534 Silv.
380 2492 405 2535 1.
436 2494 472 2535 2.
501 2493 672 2547 legimus
699 2495 759 2536 ita
786 2496 1005 2548 scriptum.

632 2588 635 2592 »
796 2564 907 2606 Nunc
936 2575 1051 2617 opus,
1079 2564 1273 2606 Aonidum
1301 2566 1468 2607 comites
1496 2564 1773 2617 tripodumque
1802 2565 1991 2618 ministri,

802 2632 982 2678 Diversis
1012 2635 1167 2676 certare
1195 2632 1351 2676 modis:
1381 2635 1448 2675 eat
1475 2632 1623 2675 enthea
1651 2633 1762 2676 vittis
1920 2644 1933 2652 ‘

801 2703 931 2755 Atque
958 2701 1120 2744 hederis
1148 2702 1333 2745 redimita
1360 2702 1526 2756 cohors,
1569 2704 1614 2743 ut
1640 2702 1763 2756 pollet
1789 2703 1925 2745 ovanti

725 2801 736 2807 -
801 2771 975 2823 Quisque
1003 2771 1100 2821 lyra.
1158 2770 1239 2812 Sed
1265 2772 1476 2824 praecipue
1506 2771 1574 2822 qui
1601 2770 1737 2812 nobile
1765 2782 1913 2822 gressu

797 2839 983 2881 Extremo
1011 2838 1209 2881 fraudatis
1238 2849 1350 2892 epos,
1378 2839 1471 2880 date
1509 2840 1744 2881 carmina
1781 2839 1947 2881 festis
2002 2872 2017 2879 -

796 2907 963 2960 Digna
1001 2909 1146 2958 toris
1202 2908 1315 2949 Hunc
1342 2909 1430 2961 ipse
1459 2906 1555 2948 Coo
1592 2907 1879 2961 plaudente
1907 2907 2152 2949 Philetas

797 2976 1251 3041 Callimachusque
1278 2987 1405 3019 senex
1433 2975 1658 3029 Umbroque
1687 2976 2006 3030 Propertius
2035 2980 2151 3019 antro

799 3045 1102 3088 Ambissent
1138 3045 1354 3088 laudare
1384 3044 1515 3087 diem
1542 3054 1618 3091 nec
1646 3046 1777 3088 tristis
1805 3047 1847 3087 in
1874 3040 1977 3100 ipsis

796 3114 903 3157 Naso
933 3114 1070 3157 Tomis
1099 3115 1290 3168 divesque
1316 3115 1408 3157 foco
1436 3114 1593 3156 lucente
1623 3113 1812 3156 Tibullus.

254 3187 316 3239 „A
349 3186 487 3229 sciolis
527 3188 591 3229 est
633 3184 784 3228 choro
826 3182 1111 3238 plaudente
1129 3214 1141 3237 ,
1185 3194 1275 3225 cum
1301 3184 1343 3224 in
1371 3183 1532 3225 excusis
1562 3183 1747 3226 omnibus
1775 3184 1934 3237 paulum
1961 3184 2249 3228 vetustioribus
2279 3188 2321 3227 et
2350 3187 2393 3228 in
2421 3188 2510 3240 ipso
2540 3190 2691 3242 scripto

252 3265 342 3297 meo
372 3255 521 3298 diserte
549 3256 706 3307 legatur
735 3254 833 3296 Coo
862 3252 1145 3306 plaudente
1174 3255 1216 3295 et
1241 3247 1482 3295 recte.“‘1ta
1498 3254 1669 3295 censuit
1696 3253 1925 3295 Bernartius
1953 3265 1989 3307 p.
2013 3252 2163 3298 ioan
2184 3254 2467 3298 auctoritatem
2494 3244 2690 3309 sequutus

208 3363 211 3371 ,
252 3321 462 3365 Parrhasii
489 3324 557 3367 ilia
583 3322 707 3367 verba
727 3324 787 3364 sic
807 3323 1060 3375 interpretati
1079 3320 1171 3370 Syll.
1190 3320 1252 3363 ΙΙΙ,
1266 3320 1388 3373 Epist
1403 3318 1516 3363 LVll.
1530 3332 1568 3374 p.
1588 3323 1683 3363 806.
1701 3321 1804 3363 Grut.
1820 3321 1953 3375 Lamp.
1968 3322 2019 3365 1.:
2050 3324 2236 3377 „Statius
2251 3324 2376 3365 sentit
2394 3323 2700 3381 epithalamium,

252 3389 403 3432 Stellae
432 3394 594 3434 canenti
620 3391 802 3433 Philetae
833 3389 936 3432 Coos
974 3390 1015 3431 id
1052 3392 1117 3431 est
1154 3398 1252 3430 suos
1281 3389 1391 3431 cives
1421 3389 1565 3439 animis
1605 3392 1647 3431 et
1675 3399 1743 3431 ore
1772 3389 1903 3431 fuisse
1931 3390 2128 3446 fauturos.
2185 3392 2341 3433 Etenim
2369 3391 2520 3442 gentile
2547 3402 2710 3437 nomen-

252 3459 304 3500 ab
333 3459 467 3502 insula
494 3460 549 3503 Co
577 3472 650 3515 per
679 3475 714 3504 ω
743 3461 847 3504 Cous
876 3461 941 3502 est
967 3460 1121 3518 intenta
1148 3459 1276 3512 prima
1304 3457 1485 3512 Cousque
1514 3469 1587 3513 per
1614 3469 1653 3513 o,
1682 3458 1787 3512 quod
1816 3459 1958 3504 Graeci
1983 3457 2143 3518 μικρὸν
2170 3463 2336 3514 vocant,
2365 3459 2506 3503 eadem
2535 3460 2710 3510 syllaba.
