2812 3748
1212 302 1517 351 —4-

59 279 64 306 i

57 387 68 509 ὶ
137 464 272 507 Cleob.
308 465 371 505 11.
402 472 440 515 p..
473 463 568 504 281.
600 461 815 503 Praeterea
845 463 957 501 extat
984 459 1139 501 Doris
1172 461 1378 501 flamma
1406 461 1448 500 in
1479 459 1611 500 culice
1642 457 1753 510 334„
1782 459 1826 498 ut
1854 457 2009 499 Do'ris
2029 457 2199 500 'tellus
2230 456 2409 511 (Sicilia)
2438 458 2582 501 Senec.

58 510 86 587 {-
131 532 253 575 ‘Berc
285 533 375 573 Fur.
407 534 483 574 81:
505 535 546 573 et
589 531 741 572 Doris
788 529 1050 571 dialectus
1094 528 1212 571 Proh.
1243 530 1284 570 in
1312 528 1423 580 Virg.
1452 528 1585 571 Bucol.
1615 540 1653 581 p.
1685 528 1794 581 348,
1825 528 1893 580 qui
1919 526 2032 569 locus
2061 518 2168 579 fugit
2196 526 2583 581 oudendorpiumin

94 602 300 653 fsueton.
348 601 480 645 Tiber.
521 599 613 641 LVI.
643 610 681 652 p.
713 599 809 640 435.
839 600 931 653 not..
953 594 1009 639 4:
1053 597 1160 647 Quae
1191 606 1316 649 quum*
1339 599 1397 639 ita
1426 599 1536 651 sint,
1581 607 1652 649 pro
1683 599 1792 638 certo
1823 595 2024 637 affirmare
2053 595 2147 636 licet
2172 596 2339 638 latinam
2368 599 2581 638 consueui-

116 671 269 713 dinem
300 672 361 712 sic
390 670 546 722 tulisse,
576 672 620 709 ut
648 668 881 719 Propertius
912 667 1072 719 quidem
1100 667 1153 719 id,
1184 666 1288 718 quod
1309 666 1534 707 Scriverius
1563 667 1660 719 vult,
1690 666 1767 707 hoc
1796 675 1917 706 versu
1948 665 2119 707 diceret:
2149 663 2419 723 Et'scecinissc
2439 664 2583 725 modis,

76 761 81 766 ·
131 739 328 782 Dorica
357 740 523 791 Musa,
562 737 674 779 tuis⁶‘
704 740 773 778 aut
800 735 921 777 Dori
952 736 1197 789 Camena,
1237 735 1567 789 quemadmodum
1596 722 1769 777 Teiam
1807 733 1995 775 Musam
2024 724 2315 777 Anacreontem
2342 737 2462 778 vocat
2490 733 2580 777 Ovi-

119 808 225 851 dius
256 809 366 850 Rem.
398 808 494 849 762.
532 806 637 848 conf.
668 805 789 847 Trist.
820 804 866 845 H.
897 805 993 846 364.
1025 805 1107 846 Art.
1138 805 1222 845 Am.
1253 804 1316 846 ΠΙ.
1348 805 1444 846 330.
1489 803 1704 846 Markland.
1737 813 1798 857 ap.
1812 804 2039 844 -Burmaun
2069 804 2111 843 in
2139 802 2316 855 Propert.
2347 803 2408 844 IV.
2440 806 2480 856 6,
2510 803 2579 844 35.

131 872 171 929 p.
204 878 316 929 815.,
343 875 626 916 Maeoniam
656 873 921 914 Camenam
949 873 1164 914 Homerum
1195 873 1382 913 Sidonius
1412 873 1651 924 Apollinaris
1679 873 1743 913 IX.
1777 873 1869 912 127.
1899 883 1939 923 p.
1965 871 2095 923 '121.,
2131 871 2381 912 Calabras
2410 871 2579 913 Pieri-

61 967 65 995 ,
132 945 226 985 des
256 945 425 984 Ennium
455 943 645 983 Horatius
676 943 803 982 Carm.
833 941 895 981 IV.
927 943 968 992 8,
999 941 1070 982 20.
1116 939 1357 992 Sapphoque
1402 940 1631 982 Aeoliam
1673 941 1895 992 puellam
1940 938 2001 980 iv.
2033 942 2072 991 9,
2108 940 2186 992 12.,
2215 941 2345 992 ipsum
2374 938 2580 981 Horatium

62 1003 65 1012 ’
133 1012 391 1054 Calabras
423 1010 679 1053 Camenas
707 1009 899 1051 Martialis
927 1007 1011 1050 xil.
1044 1010 1112 1062 94,
1142 1010 1179 1050 5.
1212 1008 1316 1050 conf.
1349 1008 1516 1050 Gronov.
1549 1008 1665 1050 Ohss.
1696 1008 1757 1050 iv.
1788 1009 1854 1050 22.
1885 1018 1922 1060 p.
1955 1008 2065 1061 784„
2109 1005 2443 1065 Thermarum
2487 1006 2579 1048 Ca-

63 1117 65 1137 ,
112 1091 241 1123 ⁴men
253 1091 327 1122 am
344 1080 622 1121 Stesichorum
643 1079 765 1120 Silius
784 1078 882 1119 XIV.
906 1079 1002 1118 232.
1019 1078 1196 1129 Denique
1227 1078 1298 1128 (ne
1319 1088 1393 1118 nos
1424 1088 1514 1118 eum
1542 1078 1673 1119 locum
1696 1079 2074 1129 praetermittamuS,
2106 1087 2223 1127 quem
2251 1071 2596 1128 praetermissum'

63 1148 70 1180 ¹»
130 1149 479 1200 abilertzbergio
515 1149 658 1200 miror)
687 1147 813 1198 liquet
836 1147 923 1197 jam
961 1149 1073 1187 recto
1110 1146 1163 1187 'de
1201 1146 1344 1186 Catulli
1381 1146 1468 1187 loco
1504 1145 1632 1186 LXIV.
1665 1147 1760 1187 287.
1806 1145 1956 1187 Doris
2001 1143 2321 1186 celebranda
2365 1145 2579 1186 choreis

64 1307 69 1329 i
111 1288 240 1328 reis
270 1288 311 1327 ct
340 1287 490 1339 accipit
518 1286 566 1327 de
597 1283 1039 1327 choreis'Doricis.“
1101 1283 1206 1331 Quae
1247 1283 1405 1335 quidem
1447 1283 1639 1323 Catulli
1681 1283 1804 1323 verba
1835 1293 1859 1323 a
1888 1283 2123 1323 Passeratio
2150 1281 2236 1322 fere
2267 1282 2481 1323 eorundem
2511 1283 2578 1323 de-

63 1331 73 1422 }
115 1355 248 1397 ›fensa
292 1357 531 1396 auctoritate
572 1356 921 1405 testimoniorum,
964 1353 1108 1404 quibus
1139 1352 1441 1402 Hertzbergium
1469 1364 1586 1392 usum
1615 1343 1812 1404 vidimus,
1857 1353 1914 1403 (p.
1949 1352 2041 1392 126.
2087 1348 2253 1391 Graev.:
2299 1350 2463 1393 Dorus
2506 1363 2579 1403 pro

66 1423 71 1482 ξ
126 1424 354 1465 Doricus
397 1427 441 1464 ut
485 1423 702 1464 Romula
747 1433 877 1473 gens
921 1424 975 1474 et.
1007 1422 1134 1463 Tros
1164 1421 1367 1462 Aeneas
1412 1424 1452 1462 et
1481 1412 1753 1463 Dardanus
1798 1430 1869 1473 pro
1908 1419 2178 1473 Romulea,
2209 1418 2423 1473 Troius,
2454 1418 2578 1462 Dar-

65 1485 71 1517 *
125 1492 381 1545 danius),
427 1501 451 1532 a
496 1491 663 1532 Graevio
706 1490 834 1542 Epist.
876 1489 900 1530 i.
932 1489 972 1530 d.
1012 1500 1089 1542 per
1128 1488 1487 1530 dissimulationem
1516 1489 1835 1530 difficillimarum
1863 1500 1995 1529 rerum
2023 1489 2103 1529 hac
2141 1489 2340 1541 explicata
2370 1491 2577 1530 oratione:

88 1612 90 1614 q
125 1559 340 1602 Derieis
383 1559 593 1601 choreis
629 1562 748 1605 recte
775 1559 875 1600 vidit
901 1559 1106 1600 Heinsius.
1156 1582 1209 1586 —
1254 1558 1477 1599 Doricus
1506 1569 1580 1610 pro
1610 1558 1785 1611 Gracco3
1814 1560 1973 1610 proprie
2004 1560 2136 1598 autem
2165 1559 2205 1598 in
2236 1557 2386 1599 Catullo
2417 1557 2575 1599 Dorus

114 1615 197 1682 ”pr-o
228 1627 463 1670 Thessalus
523 1627 689 1670 Dores
733 1629 841 1669 enim
885 1628 1181 1680 antiquissimis
1222 1626 1472 1686 temporibus
1514 1626 1719 1667 coluerunt
1763 1626 2058 1680 Thessaliam,“
2099 1628 2257 1667 retenta
2293 1627 2509 1678 patientius
2550 1634 2575 1665 a

124 1696 282 1750 Silligio
312 1700 353 1739 et
381 1697 638 1739 Lachmanno
669 1696 894 1750 reparanda
924 1707 1024 1737 esse
1049 1696 1131 1737 hac
1157 1697 1405 1736 correctione
1424 1708 1441 1735 .-
1464 1696 1514 1736 hi
1524 1696 1659 1736 laris
1677 1719 1728 1724 -
1751 1696 1955 1737 choreis
1972 1727 1984 1749 ,
2016 1696 2199 1748 quaead
2227 1698 2358 1748 ipsam
2384 1695 2573 1737 librorum

122 1777 247 1808 manu
274 1768 516 1818 scriptorum
544 1766 663 1818 iidem
691 1767 876 1818 proxime
904 1765 1088 1817 accedat,
1117 1764 1361 1805 obtinuimus
1389 1766 1432 1805 in
1458 1764 1600 1805 Electt.
1629 1764 1724 1805 Crit.
1756 1777 1797 1816 p.
1825 1765 1893 1806 23.
1925 1765 2104 1816 etValg.
2134 1777 2173 1818 p.
2206 1767 2300 1806 336.
2475 1803 2479 1805 ,

329 1834 476 1874 Verum
514 1833 564 1873 ne
603 1834 680 1875 hoc
719 1835 852 1884 ipsum
892 1833 1052 1884 quidem
1091 1833 1259 1873 concedi-
1294 1836 1429 1883 potest
1455 1834 1668 1883 perspicue
1697 1833 1977 1884 distincteque*
1995 1834 2117 1875 Coum
2145 1834 2342 1881 Philetam
2372 1834 2575 1885 designari

122 1902 178 1945 ab
205 1913 269 1955 eo,
299 1904 368 1954 qui
397 1901 638 1944 Doricum
666 1905 881 1954 poetam
912 1901 1127 1954 appellius
1158 1901 1269 1950 Quae
1296 1902 1403 1943 enim·
1432 1899 1738 1952 argumentatur
1762 1900 2052 1953 Hertzbergius
2069 1901 2185 1943 Ohss.
2216 1903 2260 1943 in
2286 1902 2436 1955 aliquot
2453 1901 2572 1955 Prop.

112 1958 233 2013 ‘locos
262 1982 302 2024 p.
333 1974 372 2012 9.
403 1974 446 2013 et
475 1971 621 2013 Comm.
652 1982 690 2023 p.
723 1972 848 2012 300.:
879 1969 1057 2023 „Dorum
1083 1973 1247 2023 poetam>
1274 1971 1456 2022 quemvis
1483 1973 1524 2011 et
1552 1971 1686 2022 ipsum
1714 1969 1998 2017 Callimachum
2027 1971 2106 2012 dici
2133 1981 2259 2023 posse
2287 1973 2325 2012 si
2352 1972 2441 2024 quis
2472 1971 2572 2023 obji-

120 2040 225 2092 ciat,
265 2039 387 2081 Asiae
418 2042 553 2080 tamen
581 2041 790 2091 regionem
816 2038 899 2079 illis
924 2040 1163 2091 praesertim
1192 2039 1441 2091 temporibus·
1467 2039 1549 2079 hoc
1575 2048 1722 2080 nomen
1746 2037 1951 2090 proprium
1979 2041 2097 2090 quasi
2125 2039 2204 2079 sibi
2232 2040 2458 2081 vindicasse
2486 2052 2570 2081 me-

108 2110 303 2161 2minerii,
348 2111 392 2148 ut
420 2107 488 2149 ubi
518 2106 570 2149 in‘
589 2110 819 2149 universum
849 2107 1012 2149 Dorium
1040 2109 1188 2149 mentio
1218 2108 1357 2160 ficret,
1391 2108 1532 2149 Asiani
1559 2110 1707 2160 sponte
1733 2107 2061 2159 intelligerentur.
2117 2107 2317 2150 Philetam
2356 2107 2477 2160 igitur
2503 2109 2571 2150 hic

118 2178 343 2229 significari
372 2180 525 2226 certum
554 2180 640 2229 est,
680 2188 798 2228 quem
828 2180 959 2218 utrum
989 2176 1112 2218 Coum
1142 2187 1194 2217 an
1223 2177 1418 2218 Rhodium
1448 2176 1627 2218 dicerent
1648 2177 1737 2228 jam
1764 2179 1926 2218 veteres
1953 2176 2210 2229 ambigebant
2238 2170 2373 2219 Schoi.
2403 2176 2571 2220 Theocr.

115 2245 201 2288 ΥΠ.
228 2247 311 2288 40.-
327 2235 357 2287 ὃ·
384 2243 432 2287 δὲ
464 2243 661 2300 Φιλητᾶς
681 2242 811 2302 Κῷος
838 2241 892 2287 τὸ
921 2244 1048 2298 γένος
1075 2237 1100 2300 ἢ
1132 2236 1191 2293 ὦς
1221 2242 1335 2287 ἔνιοι
1350 2237 1544 2297 Ῥόδιος,
1574 2255 1695 2298 quum
1713 2244 1877 2287 Dorium
1903 2245 2036 2288 fuisse
2062 2246 2378 2300 eonsentnent,“
2405 2256 2454 2287 ea
2483 2248 2571 2288 sine

111 2314 199 2355 ὕει
226 2314 428 2367 probabili
455 2316 611 2354 ratione
640 2314 746 2355 dicta
776 2319 883 2354 sunt.
940 2314 1115 2355 Primum
1145 2316 1252 2355 enim
1282 2315 1538 2354 Theocritum
1566 2323 1723 2365 quoque
1751 2311 1791 2354 et
1819 2315 2027 2355 Moschum
2056 2315 2225 2367 (Mosch.
2247 2315 2359 2364 dell.
2379 2314 2442 2356 111.
2476 2318 2571 2357 103.

108 2383 224 2423 conf.
259 2384 325 2423 12.
354 2376 645 2437 Κληρονόμος
673 2376 850 2429 Maio-ag
878 2368 960 2429 τᾶξ
989 2381 1207 2437 Δωρίδος)
1237 2386 1306 2423 aut
1334 2382 1618 2434 Epicharrnnm
1643 2385 1757 2424 reete
1783 2382 1865 2424 iilis
1891 2383 2140 2436 temporibus·
2165 2373 2385 2425 Doricos
2427 2386 2573 2435 poetas

114 2451 255 2493 vocari
282 2451 472 2502 potuisse·
498 2459 615 2491 nemo
644 2449 764 2492 facile
793 2450 971 2505 negabit,
1002 2452 1069 2504 qui
1086 2450 1338 2493 ‘recordatus
1360 2450 1484 2492 fuerit
1512 2450 1689 2492 Siciliam
1718 2449 1797 2492 dici
1823 2451 2070 2493 tellurem
2097 2451 2338 2494 Doridem
2355 2452 2405 2491 *in
2426 2451 2568 2494 Senec.

84 2518 236 2561 '‘Herc.
265 2518 367 2577 Fur.¹
388 2520 456 2559 81⁴.
487 2521 529 2559 et
561 2517 786 2559 Doricae
831 2529 1057 2570 cognomen
1085 2520 1135 2560 ab
1166 2520 1358 2560 iuvenale
1384 2519 1446 2560 IV.
1481 2521 1547 2571 10.
1577 2519 1669 2559 addi
1696 2520 1889 2561 Anconae
1915 2521 2004 2561 urbi
2034 2531 2058 2561 a
2086 2521 2366 2571 syracusanus,
2397 2522 2463 2571 qui
2491 2520 2570 2562 Do-

112 2582 242 2628 ricam
272 2588 470 2636 originem
499 2588 672 2626 maxime
695 2588 900 2638 jactarent
944 2587 1214 2638 (Valckenar.
1245 2589 1285 2628 in
1316 2587 1486 2628 Theocr.
1515 2587 1642 2628 Adon.
1670 2598 1710 2639 p.
1739 2589 1835 2629 385.
1860 2588 1946 2641 Β),
1987 2589 2184 2631 conditae.
2218 2587 2324 2630 *Sed
2345 2588 2420 2630 -sit
2461 2589 2570 2631 istud

110 2655 383 2706 credaturque
413 2654 453 2695 id
482 2665 628 2696 nomen
657 2654 895 2696 Asianorum
924 2654 1127 2697 hominum
1155 2658 1240 2697 tum
1268 2656 1475 2708 proprium
1501 2655 1646 2697 fuisse.
1705 2654 1803 2704 Quid
1832 2656 1950 2698 tum?
2002 2656 2211 2699 Simmiam
2247 2658 2288 2699 et
2324 2655 2568 2708 Antagoram

112 2732 166 2766 ae
203 2722 525 2765 Timocreontem
564 2722 743 2765 Rhodios
784 2714 971 2777 (Ῥόδου
1010 2723 1171 2771 vairas
1200 2721 1395 2779 Δωρίδος
1424 2724 1562 2777 Epigr.
1585 2714 1752 2765 down.
1785 2723 2048 2766 ccxxxvm.
2089 2726 2127 2766 2.
2158 2724 2276 2766 Anth.
2298 2724 2371 2765 Gr.
2396 2735 2442 2777 p.
2476 2726 2571 2767 166.

109 2792 160 2834 -Τ,
190 2793 275 2845 iv.)
292 2823 304 2844 ,
348 2792 527 2833 fortasse
558 2793 682 2833 etiam
711 2792 981 2842 Panyasidem
1009 2793 1388 2846 Halicarnasseum,
1430 2790 1658 2834 ionicorum
1688 2795 1947 2847 scriptorem,
1984 2797 2028 2835 ut
2056 2796 2234 2836 omittam
2261 2792 2498 2835 Pisandrum
2527 2799 2568 2836 et

86 2851 364 2913 'Apollonium
404 2859 520 2902 dui‘i
561 2863 696 2912 operis
728 2865 929 2914 auctores,
959 2873 1040 2902 non
1070 2865 1293 2913 agnoscent
1322 2873 1461 2903 omnes
1506 2861 1695 2904 Dorios
1740 2863 1967 2914 poetas?
2023 2863 2160 2906 Nonne
2176 2863 2258 2916 ‘qui
2287 2861 2431 2904 dixerit
2459 2874 2569 2917 esse,

110 2929 180 2971 ubi
208 2932 371 2970 veteres
398 2932 542 2981 poetae
565 2929 743 2971 Siculum
773 2932 814 2970 et
835 2930 1092 2979 Syracusium
1121 2931 1183 2971 vel
1203 2930 1440 2982 Cecropium
1467 2930 1532 2970 vel
1551 2930 1673 2971 Coum
1694 2941 1832 2971 senem
1861 2931 2076 2983 loquantur
2101 2934 2207 2973 satis
2235 2929 2433 2983 ambigue,
2462 2932 2567 2973 idem

73 3030 75 3032 -
106 2987 304 3041 fatebitur
332 2990 816 3050 praemunitione'aliqua
834 3021 863 3051 ,ι
887 3009 989 3051 quae
1012 2999 1071 3039 ad
1103 2998 1307 3040 Tbeocriti
1337 3001 1405 3039 aut
1434 2999 1684 3041 Archimedis
1702 3031 1716 3052 ,
1755 3000 1935 3041 Socratis
1967 2991 2035 3042 aut
2063 3000 2249 3053 Epicuri,
2288 2997 2468 3041 Philetae
2496 2989 2568 3041 'aut

76 3109 78 3112 .
108 3066 366 3120 Hippocratis
394 3068 579 3108 notitiam
608 3068 829 3125 pertineret
857 3066 1135 3120 peculiariter,
1166 3067 1277 3110 facta
1306 3066 1518 3118 diligenter
1547 3067 1730 3110 omnibus
1760 3067 1860 3110 locis
1892 3072 2051 3110 cautum
2080 3080 2174 3111 csse
2191 3099 2203 3122 ,
2233 3077 2291 3108 ne·
2314 3068 2403 3120 quis
2431 3067 2568 3120 legen-

108 3137 209 3178 tium
237 3138 279 3176 in
308 3145 485 3177 errorem
514 3130 805 3177 induceretur?
837 3136 894 3177 De
926 3147 1005 3188 qua
1033 3146 1077 3176 re
1109 3136 1239 3188 aliqua
1269 3137 1375 3177 infra
1403 3148 1691 3189 persequemur
1712 3139 1753 3178 in
1773 3148 1820 3179 eo
1840 3138 1944 3190 loco,
1974 3149 2050 3190 quo
2072 3139 2121 3179 de
2141 3138 2320 3189 Propert.
2340 3136 2386 3178 ΙΙ.
2408 3137 2477 3192 25,
2497 3140 2566 3181 29.

106 3204 303 3246 dicemus.
361 3204 466 3245 Nihil
505 3208 638 3246 autem
666 3205 764 3255 fingi
791 3207 921 3257 potuit
951 3205 1002 3245 ad
1030 3196 1247 3245 fallendum
1276 3207 1510 3246 instructius
1541 3209 1582 3246 et
1610 3207 1741 3256 magis
1771 3206 1964 3247 lubricum
1981 3238 1993 3258 ,
2038 3199 2170 3259 qu'am·
2195 3197 2235 3246 id
2252 3203 2568 3256 argumentandi

106 3282 269 3325 genus,
311 3283 390 3324 quo
435 3263 535 3313 usus
580 3273 865 3324 Hertzbergius
912 3275 1072 3315 veteres
1113 3275 1169 3313 ait
1199 3274 1406 3315 dubitasse
1438 3274 1622 3316 Coumne·
1642 3285 1694 3316 an
1723 3274 1920 3315 Rhodium
1949 3274 2149 3317 Philetain
2177 3273 2391 3326 dicerent„
2415 3274 2485 3316 sed
2515 3276 2566 3317 de
2624 3287 2628 3291 ’

105 3339 254 3383 Dorica
297 3342 385 3392 ejus
430 3342 586 3393 origine
614 3343 904 3384 consensisse.
963 3341 1061 3382 Nam
1091 3341 1323 3393 Propertius
1364 3343 1522 3394 quidem
1562 3343 1684 3384 Coum
1723 3355 1814 3385 eum
1852 3343 1982 3385 fuisse
2021 3343 2085 3384 ΙΠ.
2120 3345 2156 3396 1,
2191 3340 2240 3383 1.'
2271 3342 2402 3394 „Coi
2445 3353 2566 3386 sacra

76 3426 84 3435 ·
106 3409 353 3453 rhiietae
370 3409 398 3435 ‘⁶
426 3409 525 3451 dicIt
553 3412 714 3453 omnino
743 3422 820 3452 nec
849 3411 977 3465 aliter,
1008 3412 1075 3463 qui
1106 3412 1210 3452 inter
1231 3411 1430 3453 Romanos
1451 3411 1633 3453 Philetae
1658 3414 1900 3455 mentionem
1919 3412 2116 3465 fecerunt,
2138 3409 2299 3453 Ovidius
2321 3410 2565 3465 statiusque.
2586 3434 2589 3437 ·

107 3476 292 3522 veterum
322 3480 511 3530 quoniam
540 3478 658 3522 idem
675 3488 899 3522 consensus
931 3483 996 3522 est
1025 3480 1268 3524 Graecorum
1296 3483 1337 3522 et
1366 3482 1606 3534 scriptorum
1635 3484 1676 3523 et
1703 3484 1912 3534 poetarum
1941 3484 1981 3524 et
2010 3481 2388 3534 grammaticorum,
2431 3483 2470 3522 si
2496 3480 2568 3522 ab

80 1250 97 1276 4
121 1217 277 1271 jndicio
307 1219 601 1270 pronunciasse
629 1217 685 1257 Js.
716 1216 903 1258 Vossium
932 1225 969 1267 p.
993 1215 1121 1256 233.:
1151 1215 1332 1266 Scaliger
1360 1225 1439 1256 non
1467 1214 1609 1255 leviter
1637 1216 1792 1268 peccat,
1822 1225 1911 1256 cum
1940 1212 2091 1255 Doris
2122 1214 2319 1255 construit
2347 1224 2436 1255 cum
2465 1213 2577 1255 cho·
2661 1205 2664 1210 ’
