2812 3748
1158 258 1495 340 —21—3-

107 429 149 469 in
179 422 279 465 Plut.
308 422 331 464 l.
362 421 397 463 d.
426 432 461 473 p.
495 413 588 469 115.
643 417 831 460 Jacobsio
860 418 901 459 in
933 413 1035 458 Phil.
1062 416 1213 469 Imagg.
1238 417 1268 460 1.
1301 416 1363 460 14.
1392 429 1428 470 p.
1457 416 1553 459 293.
1582 417 1703 469 intpp.
1731 415 1881 469 Apulej.
1910 416 2051 459 Florid.
2081 416 2108 458 1.
2141 416 2174 459 1.
2203 428 2238 470 p.
2260 419 2296 460 4.
2318 427 2351 459 a
2387 416 2540 461 Staret.

107 497 148 534 18
174 492 313 542 Hygin.
343 488 437 532 Fab.
466 487 522 531 Vl.
542 495 586 540 χι).
617 488 683 530 27.
709 522 712 525 .
743 486 912 529 Schoen.
942 485 992 527 de
1024 482 1137 528 Pers.
1175 487 1218 528 in
1245 486 1376 540 Eurip.
1403 486 1547 529 Bacch.
1576 484 1676 528 Hah.
1704 485 1819 531 Sceu.
1854 498 1886 529 c.
1916 484 1970 528 X.
1999 498 2035 539 p.
2069 484 2159 529 119.
2188 496 2246 539 sq.
2305 486 2455 536 Quibus
2483 488 2541 529 ita

104 561 298 614 expositis
328 556 647 609 deliberansque
665 556 808 615 liquet.
836 556 877 596 in
907 554 1057 606 quanta
1084 555 1282 607 opinionis
1310 555 1472 597 levitate
1502 557 1733 608 versentur,
1764 556 1831 607 qui
1873 555 1905 595 N
1916 557 2033 596 aica
2058 555 2203 596 ‘dona
2248 554 2297 596 ab
2328 552 2539 609 Rropertio

103 627 402 671 commemorari
430 628 618 678 puguant.
677 621 869 674 Pugnant
897 627 1031 666 autem
1044 624 1064 663 ³
1082 661 1085 664 .
1102 625 1223 664 immo
1254 634 1349 665 vero
1378 627 1519 676 optant
1546 625 1677 674 magis
1690 653 1703 675 ‚
1739 634 1858 675 quam
1873 624 2099 675 disputant.
2156 623 2255 664 Nam
2283 634 2334 663 ne
2361 623 2564 684 pluribus‘

102 698 304 738 obtineam
332 705 418 746 eos,
448 696 515 746 qui
544 692 770 741 analogiam
796 692 1011 743 loquantur
1041 703 1122 733 non
1153 691 1476 734 demonstratam
1493 694 1550 733 et¹
1558 692 1713 744 jactent
1740 693 1824 733 ita:
1868 691 1974 743 „Cur
2002 693 2109 734 enim
2137 690 2378 743 adjectivum
2403 691 2540 745 Nalm,

102 764 206 816 quod
235 765 272 804 si
298 773 397 804 usus
427 771 506 803 non
523 762 693 812 tuetur,
732 759 919 810 analogia
947 762 1055 801 certe
1084 770 1165 800 non
1193 762 1445 812 aspernatur.
1473 759 1769 811 rejiciamus?“
1826 759 2123 803 Lachmannum
2149 772 2185 812 p.
2216 759 2312 802 217.
2330 758 2540 808 Hertzber-

87 819 292 884 'giumque
320 842 356 883 p.
385 828 607 872 219.·nihil
635 828 769 873 dicere
797 837 872 869 nec
902 837 927 868 8
955 826 1087 878 Λαῒς,
1122 825 1253 877 Θαῒς,
1276 820 1471 879 Ἀγλαΐς,
1496 828 1686 877 Δαναῒς,
1710 820 2138 882 Θηβαῒ·ς,Ἀθηνα·ὶ·ς,
2153 818 2338 883 Ἑρμαῖς
2365 831 2407 869 et
2436 828 2541 881 aliis,

103 911 206 953 quae
236 900 382 942 similia
410 899 560 941 nomini
575 895 698 944 Ναῒς
726 907 831 954 nunc
860 899 1097 938 succurrunt
1114 898 1258 949 partim
1277 900 1589 941 commemorata
1607 896 1658 938 ab
1678 896 1878 938 Loheckio
1900 893 2030 938 Parni
2049 896 2164 938 ‘Diss
2192 896 2230 938 ll.
2250 896 2301 951 ,1,
2329 898 2369 938 4.
2397 908 2435 950 p.
2457 899 2541 949 902,

100 971 170 1011 aut
187 979 213 1011 a
232 966 395 1016 Κλεῒς,
415 964 610 1021 Γληνῑς,
639 964 846 1013 Πλατθῑς
874 975 1043 1017 usquam
1070 965 1183 1008 facta
1210 975 1305 1007 esse
1334 962 1546 1016 Λαῖκὸς,-
1568 962 1764 1014 Θαϊκός,
1794 959 2011 1016 Κλεϊκός,
2051 967 2153 1019 apud
2182 964 2539 1008 Philodemum

98 1040 231 1079 autem
260 1038 393 1089 Epigr.
421 1032 571 1076 xxiv.
594 1038 631 1075 8.
661 1046 699 1088 p.
720 1030 788 1077 77.
818 1034 936 1075 Anth.
967 1035 1030 1074 Gr.
1058 1034 1098 1075 ll.
1128 1033 1240 1082 σῶζε
1268 1048 1338 1087 με,
1368 1028 1539 1088 Κύπρι,
1569 1030 1827 1080 Ναῖκακούς
1854 1028 1952 1087 ἤδη,
1982 1033 2185 1084 osunen,
2219 1032 2331 1089 πρὸς
2359 1034 2541 1088 λιμένας

100 1105 250 1155 ambigi
269 1114 391 1155 posse
410 1107 643 1156 praestetne
664 1105 828 1146 retineri
847 1104 900 1156 id,
920 1103 1026 1154 quod
1046 1101 1096 1145 ab
1116 1102 1304 1145 Jacobsio
1333 1102 1451 1144 Anth.
1481 1102 1566 1145 Pal.
1594 1103 1642 1146 X.
1674 1104 1742 1156 21,
1764 1105 1802 1145 8.
1821 1105 2069 1156 propositum
2096 1103 2315 1155 probarunt
2330 1105 2407 1145 viri
2434 1103 2541 1145 docti

99 1173 238 1225 Steph.
268 1171 389 1215 Thes.
418 1183 458 1224 p.
494 1173 614 1215 1347.
647 1172 687 1214 C.
717 1171 801 1214 Vol.
821 1163 1173 1224 V.‚-Na‘iaxo²5‹;,
1211 1180 1263 1212 an
1292 1167 1346 1211 N
1351 1171 1548 1220 αξιακο
1561 1165 1590 1212 ύ
1600 1184 1621 1219 ς
1648 1171 1689 1213 id
1718 1175 1782 1213 est
1810 1171 1860 1213 ad
1887 1174 2049 1225 portus,
2079 1173 2120 1213 in
2149 1171 2293 1224 quibus
2311 1171 2538 1221 ,Ariadnam

99 1242 271 1294 aliquam
299 1241 498 1283 inveniam
526 1239 795 1291 (Wernsdorf.
824 1241 866 1280 in
894 1239 1039 1281 Himer.
1071 1238 1133 1279 Or.
1164 1238 1193 1279 1.
1222 1249 1262 1290 p.
1292 1239 1424 1291 333.)‚
1463 1249 1514 1280 ne
1544 1238 1638 1291 quid
1666 1239 1795 1280 dicam
1823 1240 1885 1280 de-
1903 1240 2141 1291 Amphitrite
2170 1240 2276 1292 apud
2303 1241 2457 1281 Naxmn
2483 1241 2536 1281 ab
2592 1270 2595 1274 -

95 1311 271 1361 Neptuno
302 1308 433 1361 ducta,
463 1309 633 1359 denique
662 1304 852 1363 γραῖκὸς,
885 1307 989 1358 quod
1018 1307 1189 1357 exempli
1218 1317 1367 1347 caussa
1396 1306 1534 1359 affero,
1563 1310 1607 1348 ut
1634 1304 1792 1361 γραῖκά
1820 1303 2047 1361 μινθύόρια
2077 1308 2210 1349 Tzetz.
2241 1308 2340 1349 Chii.
2363 1309 2408 1349 V.
2439 1311 2537 1350 763.

94 1389 131 1429 p.
167 1377 256 1419 186.
279 1377 430 1418 ‚referri
457 1387 537 1418 non
566 1376 687 1430 γράΐς
716 1377 819 1428 voci,
848 1376 920 1416 sed
948 1374 1108 1428 γραῦς.·
1151 1375 1273 1424 igitur
1294 1367 1344 1414 ‘ut
1372 1375 1449 1415 hoc
1480 1372 1660 1433 omittam
1689 1379 1808 1426 atque
1837 1376 1938 1417 adeo
1969 1377 2211 1418 concedam:
2240 1376 2348 1417 nulla
2375 1378 2536 1419 omnino

94 1447 196 1487 ratio
226 1447 302 1497 est,
332 1454 435 1497 quae
462 1453 581 1497 poma
611 1454 700 1487 cum
728 1440 886 1486 Baccho
917 1443 1157 1495 Sileuisque,
1186 1442 1366 1484 fortasse
1394 1452 1485 1485 cum
1512 1442 1856 1494 Hamadryadibus
1886 1444 2021 1486 Venus
2068 1443 2143 1486 sub
2177 1443 2375 1492 Bacchico
2421 1449 2536 1487 antro

95 1514 219 1566 legit,
264 1523 365 1565 quae
408 1512 661 1555 Bacchica
704 1504 836 1554 dona
876 1511 1006 1552 fuisse
1037 1512 1288 1561 gravissimis
1319 1514 1565 1562 argumentis
1594 1512 1835 1553 intellectum
1864 1516 1954 1565 est,
1985 1523 2033 1553 ea
2067 1513 2145 1553 dici
2187 1513 2352 1553 Naica.
2408 1513 2554 1555 Porro-

96 1586 225 1622 autem
254 1582 359 1634 quod
386 1582 453 1623 hic
482 1583 695 1634 perspicua
723 1580 872 1622 Bacchi
901 1581 1047 1621 mentio
1077 1582 1254 1635 respuit,
1294 1582 1335 1621 id
1372 1581 1422 1622 ab
1453 1580 1637 1621 omnibus
1667 1582 1826 1622 omnino
1855 1580 1955 1622 locis
1985 1581 2141 1622 videtur
2169 1580 2399 1623 abhorrere.
2458 1582 2533 1624 Ne-

92 1661 166 1703 que
195 1652 299 1692 enim
327 1651 574 1704 adjuvandae
604 1652 642 1691 ei
670 1651 894 1692 sententiae
910 1678 922 1702 ‚
969 1658 1070 1700 quae
1100 1657 1218 1701 poma
1247 1649 1413 1698 Naidum
1442 1649 1549 1690 dona
1577 1649 1706 1690 fuisse
1736 1653 1903 1702 censet,
1947 1649 2162 1701 quidquam
2199 1650 2358 1693 confert
2384 1654 2455 1692 aut
2484 1661 2534 1692 ea

89 1732 178 1770 roe,
219 1720 323 1770 quod
350 1720 495 1760 Naides
524 1704 672 1761 1⁴3acchi
701 1722 911 1767 consortes
941 1718 1125 1759 dicuntur
1154 1718 1318 1769 (Fiorill.
1348 1720 1391 1759 ih
1419 1718 1563 1760 Herod.
1592 1718 1709 1760 Attio.
1739 1730 1778 1770 p.
1809 1720 1883 1775 94-
1907 1720 1991 1772 sq.)
2028 1720 2271 1772 eaedemque
2310 1720 2531 1772 „Mercurio

91 1797 253 1838 puerum
292 1786 383 1827 diva
413 1785 648 1836 Cythereide
677 1789 813 1826 natum
841 1786 976 1826 idaeis
1015 1786 1241 1826 enutrivere
1270 1785 1345 1826 sub
1377 1784 1546 1827 antris“'
1572 1785 1681 1826 Ovid.
1712 1785 1802 1826 Met.
1833 1786 1895 1827 Ν.
1926 1788 2022 1827 288.
2068 1791 2136 1828 881
2179 1787 2246 1828 1118
2287 1798 2355 1828 res
2369 1818 2383 1839 ‚
2426 1789 2533 1839 quod

90 1857 208 1897 flores
237 1859 281 1897 et
305 1855 412 1896 alere
442 1858 484 1896 et
513 1855 684 1896 calathis
713 1856 923 1906 impositos
955 1852 1098 1894 afferre
1129 1853 1274 1895 alicubi
1302 1854 1396 1896 illud
1424 1853 1691 1906 Nympharum
1719 1857 1857 1905 genus
1876 1855 2046 1896 traditur
2075 1855 2173 1908 (vid.
2197 1854 2321 1899 Voss,
2351 1858 2393 1899 in
2422 1856 2530 1908 Virg.

91 1923 229 1976 Georg.
258 1923 304 1964 11.
333 1923 469 1977 46..p.
500 1924 568 1965 59.
598 1933 659 1975 sq.
699 1922 821 1974 ligen.
850 1921 1055 1964 Animadv.
1084 1922 1126 1963 in
1156 1920 1249 1974 Cop.
1283 1920 1347 1965 13.
1376 1933 1414 1975 p.
1446 1923 1513 1964 37.
1544 1918 1632 1964 add.
1664 1921 1848 1975 Calpurn.
1876 1922 1960 1966 EcL
1996 1922 2060 1965 IV.
2089 1925 2158 1965 68.
2193 1923 2529 1981 Claudian.Rmb.

89 1996 129 2032 et
156 1991 284 2041 Olybr.
315 1992 432 2035 Cons.
463 1992 559 2033 249.
617 1991 825 2034 Ruhnken.
855 1992 897 2032 in
926 1990 1059 2040 hymn.
1090 1991 1177 2032 Cer.
1212 1993 1274 2033 16.
1295 2002 1334 2042 p.
1357 1991 1416 2043 8.)
1447 1993 1566 2043 atque
1596 1990 1763 2033 arbores
1794 1992 1836 2032 in
1865 1991 2074 2033 fluviorum
2103 1995 2283 2045 margine
2312 1998 2529 2037 nascentes

86 2061 221 2101 fovere
242 2061 428 2109 (Meinek.
448 2058 605 2101 Anthol.
628 2059 690 2100 Gr.
710 2058 793 2100 Del.
813 2070 852 2110 p.
874 2062 941 2101 99.
962 2070 1022 2111 sq.
1054 2058 1170 2100 Obss.
1193 2059 1302 2100 Critt.
1323 2062 1448 2100 nostr.
1489 2061 1531 2100 in
1551 2059 1669 2100 Anth.
1690 2059 1753 2100 Gr.
1774 2059 1803 2101 1.
1823 2070 1861 2113 p.
1883 2061 1978 2102 578.
2002 2061 2172 2113 ἘρΙιειιι
2192 2060 2334 2104 Philol.
2347 2061 2527 2109 Darmst.

91 2128 209 2168 1843.
269 2127 371 2169 Stat.
402 2128 495 2170 Sssv.
525 2128 554 2170 1.
586 2130 626 2181 3,
657 2128 724 2168 62.
755 2127 859 2169 conf.
888 2127 936 2168 11.
967 2129 1007 2179 3,
1038 2129 1077 2169 7.
1108 2129 1174 2168 60.
1233 2126 1342 2168 Ovid.
1372 2126 1479 2167 Fast.
1509 2126 1567 2168 Ν.
1596 2127 1694 2169 231.
1712 2158 1724 2180 ,
1768 2128 1817 2169 de
1855 2127 2000 2180 quIbus
2038 2129 2139 2176 locis
2174 2130 2359 2172 dixerunt
2386 2141 2529 2183 parum

86 2195 153 2248 id,
196 2196 300 2248 quod
328 2198 499 2237 maxime
531 2196 581 2237 ad
610 2207 696 2237 rem
723 2196 917 2249 pertinet,
946 2197 1080 2237 rimati
1109 2195 1283 2237 Muretus
1312 2196 1354 2236 in
1382 2194 1521 2236 Catuli,
1549 2195 1654 2237 LXll.
1684 2206 1723 2250 p.
1754 2197 1821 2238 56.
1851 2207 1913 2249 sq.
1971 2197 2160 2239 Heinsius
2199 2199 2241 2240 in
2268 2198 2338 2241 Or.
2366 2199 2392 2240 i.
2421 2200 2460 2241 d.
2488 2211 2527 2253 p.

87 2264 178 2307 249.
215 2268 256 2305 et
293 2264 458 2306 Advers.
488 2265 539 2306 lli.
574 2264 637 2308 17.
667 2275 715 2317 p..
736 2266 831 2306 546.
862 2276 923 2316 sq.
984 2260 1201 2307 Gronovius
1231 2262 1349 2305 Obss.
1379 2263 1408 2305 Ι.
1439 2265 1477 2305 5.
1507 2273 1545 2316 p.
1576 2264 1644 2305 42.
1676 2275 1737 2318 sq.
1782 2264 1868 2306 Vid.
1900 2275 2002 2317 quae
2030 2266 2136 2307 infra
2164 2270 2252 2321 cap.
2282 2268 2340 2308 Ν.
2372 2269 2420 2310 de
2447 2269 2527 2311 hnc

84 2342 126 2372 re
157 2332 446 2386 absolventur).
486 2335 627 2385 Jtaque
649 2342 724 2384 quo
754 2335 890 2384 partes
922 2343 946 2373 a
975 2333 1102 2374 doctis
1132 2333 1229 2373 viris
1258 2331 1420 2374 relictas
1449 2333 1611 2375 tandem
1636 2329 1884 2386 expleamus,
1911 2334 2124 2376 videndum
2152 2338 2229 2388 est,
2259 2346 2349 2389 quo.
2366 2340 2525 2379 nomine
2586 2336 2591 2339 '

85 2400 186 2442 dona
228 2401 295 2443 illa
337 2402 586 2444 Bacchica
629 2423 685 2430 -—
727 2400 806 2442 hoc
845 2402 977 2453 ipsum
1016 2400 1251 2442 vocabulum
1285 2402 1391 2442 enim
1420 2402 1580 2443 restitui
1605 2403 1715 2443 vetat
1741 2397 1933 2443 llbrorum
1959 2405 2323 2457 manuscriptorum
2350 2404 2452 2447 fides
2482 2406 2525 2448 e't

84 2472 271 2511 memoria
287 2494 345 2501 -—-
375 2471 605 2522 Propertius
636 2469 904 2521 appellaverit.
963 2469 1138 2512 Fuerunt
1164 2471 1286 2521 igitur
1313 2469 1432 2522 maia,
1462 2479 1564 2521 quae
1593 2463 1813 2511 Veneris
1844 2470 2026 2512 donum
2054 2476 2172 2513 vocat
2201 2472 2522 2517 Claudianus

90 2536 257 2589 Epithal.
292 2538 389 2581 Pali.
419 2542 461 2579 et
494 2538 572 2579 Cel.
611 2539 691 2590 15..
721 2537 825 2589 quod
853 2537 1039 2578 Barthius
1067 2548 1106 2591 p.
1141 2539 1237 2578 451.
1268 2539 1325 2578 ait
1355 2548 1449 2578 esse
1477 2538 1661 2579 malum
1689 2536 1878 2580 Ve'neri
1919 2539 2208 2582 donandum
2235 2552 2327 2583 cum
2353 2542 2539 2589 aliumm

82 2616 215 2648 rerum
243 2608 370 2660 (conf.
402 2608 531 2659 Coraj.
560 2608 601 2648 in
629 2606 781 2648 Heliod.
809 2605 861 2647 111.
891 2618 929 2658 p.
962 2608 1056 2648 118.
1114 2605 1350 2649 Boissouad.
1378 2607 1421 2648 in
1449 2605 1573 2648 Nicet.
1603 2606 1754 2659 Eugen.
1782 2606 1841 2650 Vl.
1872 2608 1968 2649 467.
1998 2619 2035 2662 p.
2061 2609 2156 2650 324.
2217 2608 2371 2651 Villois.
2396 2610 2521 2664 Loug.
2566 2634 2573 2637 »

81 2683 128 2724 p.·
148 2675 242 2718 206.
272 2675 356 2730 sq.)
386 2679 471 2717 tum
499 2675 757 2728 Hippomenis
787 2673 952 2726 (Philet.
981 2675 1007 2715 l.
1037 2674 1095 2727 d.)
1125 2676 1332 2716 immemor
1349 2704 1361 2727 ‚
1406 2684 1430 2715 a
1473 2672 1631 2716 Baccho
1671 2678 1713 2715 et
1751 2677 1913 2717 inventa
1950 2680 2000 2718 et
2021 2676 2165 2719 Veneri
2194 2677 2351 2720 donata.
2412 2679 2521 2728 Quae

83 2744 210 2792 qualia
238 2734 387 2785 fuerint
415 2746 452 2784 si
481 2744 887 2788 demonstraverimus
917 2745 1170 2795 accuratius,
1212 2743 1434 2785 videbimur
1471 2744 1593 2784 etiam
1620 2743 1699 2785 hoc
1727 2744 1973 2794 patefecisse
1990 2775 2002 2796 ‚
2047 2746 2242 2796 quomodo
2270 2746 2425 2788 factum
2452 2750 2521 2800 sit,

83 2814 125 2849 nt
152 2816 331 2863 repertor
359 2822 496 2854 eorum
525 2811 707 2852 Bacchus
735 2809 1024 2862 perhiberetur.
1082 2810 1240 2853 Primus
1269 2813 1375 2852 enim
1402 2810 1585 2852 Bodaeus
1625 2820 1649 2852 a
1678 2809 1816 2862 Stapel
1860 2811 2029 2853 obtinuit
2057 2814 2098 2854 in
2129 2812 2520 2865 Theophrast-Hist.
2580 2825 2591 2833 ·’

79 2875 203 2920 Piant.
224 2880 282 2922 Ν.
312 2881 469 2934 8.,397.
490 2890 564 2933 sq.
582 2878 687 2921 conf.
706 2889 745 2931 p.
767 2879 862 2920 338.
884 2880 981 2921 339.
1008 2876 1219 2921 Voelcker.
1238 2878 1358 2929 Myth.
1389 2876 1530 2929 Geogr.
1559 2877 1588 2919 1.
1617 2889 1656 2931 p.
1681 2880 1774 2920 104.
1806 2878 1862 2920 ab.
1886 2890 1934 2920 eo
1963 2881 2124 2921 inventa
2154 2891 2247 2921 esse
2275 2881 2383 2923 maia
2411 2893 2521 2935 „non

84 2949 241 2990 omnino
273 2949 430 3004 omnia,
458 2948 532 2989 sed
559 2946 730 2996 cydonia
757 2945 903 2988 Veneri
931 2946 1090 2998 grata.“
1148 2947 1219 2988 Cui
1248 2947 1484 2988 sententiae·
1502 2956 1623 2998 quum
1650 2946 1772 2988 multa
1799 2948 1958 2998 possint
1986 2952 2220 2999 argumenta
2249 2949 2371 3003 adds,
2413 2961 2520 2993 nunc

80 3015 235 3065 quidem
263 3019 407 3059 attinet
436 3014 630 3058 adhibere
657 3015 735 3057 hoc
763 3014 929 3056 Arnobii
957 3015 1229 3057 testimonium
1257 3014 1304 3056 V.
1333 3017 1373 3056 6.
1401 3025 1439 3068 p.
1474 3015 1568 3057 17οζ
1599 3014 1663 3057 Or.
1702 3017 1911 3068 „materno
1942 3014 1992 3057 ab
2021 3017 2181 3058 nomine
2210 3010 2519 3070 cognominatus

77 3083 272 3127 Acdestis.
331 3085 432 3128 Huic
459 3083 581 3127 robur
609 3084 799 3126 invictum
827 3086 869 3124 et
895 3083 1089 3125 ferocitas
1118 3085 1240 3127 animi
1267 3083 1402 3125 fuerat
1426 3083 1706 3136 intractabilis,
1735 3084 1878 3125 insana
1898 3086 1939 3125 et
1956 3083 2114 3126 furialis
2133 3084 2257 3129 libido
2276 3098 2329 3129 ex
2349 3092 2524 3142 utraque

75 3161 198 3194 sexus
226 3156 264 3195 vi
291 3158 435 3207 rapta„
482 3153 604 3205 Cujus
634 3162 754 3205 quum
775 3150 943 3192 audacia
972 3149 1211 3201 quibusnam
1239 3152 1367 3194 modis
1395 3155 1537 3203 posset
1554 3152 1619 3193 vel
1644 3151 1843 3193 debilitari
1880 3152 1944 3193 vel
1981 3156 2190 3206 comprimi
2226 3166 2517 3209 saepenumero

74 3223 185 3260 esset
203 3221 367 3266 deorum
385 3225 428 3266 in
446 3222 731 3264 deliberatione
752 3221 989 3273 quaesimm,
1009 3218 1166 3271 hujus
1195 3219 1422 3262 muneris
1452 3220 1628 3262 c'uram
1655 3219 1807 3262 Liber
1835 3220 1886 3263 in
1914 3232 1968 3263 se
1993 3225 2259 3277 suscepit:
2278 3224 2517 3269 familiarem

75 3286 130 3327 illi
157 3287 308 3331 fontem
338 3313 391 3320 -—
422 3290 672 3332 validissima
699 3288 908 3336 succendit
935 3289 974 3329 vi
1001 3289 1123 3328 meri:
1151 3288 1411 3329 necessitatis
1439 3289 1481 3329 in
1508 3291 1689 3340 tempore
1716 3288 1907 3331 haustum
1936 3293 2110 3332 accurrit
2138 3292 2346 3334 Acdestis:
2374 3294 2441 3345 fit,
2471 3297 2517 3335 ut

74 3354 304 3399 insolitarre
322 3360 454 3401 victus
474 3368 660 3411 soporem
679 3358 720 3399 in
741 3357 980 3398 altissimum
999 3355 1252 3408 deprimatur.
1312 3354 1412 3396 Ade
1425 3358 1476 3396 st
1503 3356 1564 3397 ad
1591 3356 1812 3399 insidias
1841 3356 2019 3411 Liber3
2051 3370 2104 3401 ex
2124 3361 2224 3401 setis
2245 3362 2521 3403 scientissime·

74 3423 325 3476 complicatis
353 3427 661 3481 unumplantae
690 3426 819 3479 injicit
846 3424 1048 3479 laqueum,
1076 3426 1190 3477 parte
1228 3424 1356 3470 altera
1393 3423 1529 3478 proies
1560 3434 1649 3470 cum
1677 3427 1780 3480 ipsis
1810 3426 2051 3479 genitalibus
2083 3431 2274 3480 occupat:
2303 3429 2520 3474 exsohitus.
