2812 3748
1326 262 1665 323 ...81-

262 427 377 478 Quae
405 428 632 480 redintegro
668 429 746 469 hac
783 430 1024 471 mutatione:
1061 429 1105 469 in
1133 427 1343 470 consilium
1370 431 1590 484 scriptores
1617 428 1815 471 advocare
1854 439 1927 470 vos
1957 408 2279 471 sueverunt?
2316 431 2357 471 in
2394 441 2531 472 eornm
2570 432 2708 483 pecto·
2735 438 2741 442 ·

275 486 388 537 rmus
416 497 652 548 latitabatis,
682 508 771 538 cum
800 508 871 549 pro
902 497 992 547 aliis
1020 507 1088 538 res
1118 496 1219 538 alias
1247 498 1352 538 inter
1378 500 1546 540 veritate
1575 499 1696 553 capta
1725 494 2005 541 300110000ῐῖιι
2034 521 2088 527 -
2118 497 2215 550 Pag.
2249 499 2340 540 181.
2377 508 2462 552 cap.
2492 500 2579 542 34.:
2610 497 2717 541 unde

279 566 413 607 tamen
441 564 556 607 vobis
585 564 709 618 liquet
737 575 826 607 cum
857 564 1071 616 allegorias
1099 565 1203 606 istas
1238 564 1305 607 ,vel
1342 565 1601 618 explanatis
1630 564 1695 607 vel
1722 559 1955 618 panditis,
1993 565 2132 607 eadem
2168 577 2241 608 vos
2280 567 2589 619 interpretarii*
2626 566 2717 610 cod.

259 632 622 686 -explanare-vel
650 631 870 687 pandet-el
900 633 1072 676 Hildebr'.
1102 632 1251 675 vobis
1279 632 1467 687 liquet,
1497 644 1606 675 cum
1635 632 1785 674 vobis
1815 632 1959 679 libet.
2008 634 2091 685 Ego
2111 645 2205 676 vero
2225 645 2381 687 vereor,
2402 645 2451 675 ne
2480 638 2716 677 voxistas

275 694 418 743 damno
443 701 569 747 fuerit
596 702 718 744 verbo
748 703 974 743 instatis
1005 702 1090 754 (vel
1118 701 1360 755 explanare
1391 703 1455 744 vel
1481 701 1716 756 pandere).
1747 724 1800 730 —
1830 700 1927 753 Pag.
1962 704 2054 743 187.
2084 713 2167 756 cap.
2197 705 2283 746 44.:
2313 714 2385 756 pro
2416 703 2493 744 illis
2524 703 2716 753 Ganyme·

268 769 387 811 dibus
416 774 542 825 raptis
572 775 692 823 atque
730 772 771 811 in
798 770 1341 822 libidinum'magisteria
1370 771 1642 813 substitutisf·
1699 770 1887 812 Arntzen.
1925 772 1966 812 in
1995 770 2094 813 Plln.
2124 771 2270 824 Paneg.
2301 770 2447 814 XLIX.
2480 773 2515 814 8.
2554 783 2590 825 p.
2618 771 2721 814 229«

267 839 579 883 ministeria.
638 839 748 889 Quod
766 839 969 881 Arntzenii
997 842 1061 881 est
1088 841 1303 893 inventum,
1332 840 1373 882 id
1401 840 1622 882 Schwarzii
1650 840 1691 880 in
1716 838 1867 891 Paneg.
1901 841 1964 882 13.
1994 850 2087 881 0330
2114 840 2298 882 Orellium
2325 853 2361 894 p.
2392 843 2488 883 339.
2517 842 2712 893 sequutus
2752 872 2756 875 .

267 907 330 948 alt
357 908 645 950 Hildebrandus
675 920 711 961 p.
741 910 835 951 483.
864 910 905 949 in
934 908 998 959 bis
1027 908 1148 950 rebus
1174 919 1318 967 'parum
1346 910 1503 951 curiose
1530 911 1729 950 versatus.
1786 907 1918 949 Veluti
1950 919 2058 961 quae
2098 908 2284 950 Heinsius
2322 912 2363 951 in
2392 910 2551 951 Petron.
2582 911 2648 951 40.
2677 905 2746 964 μ’,

278 977 369 1018 176.
396 977 604 1029 proposuit
632 976 680 1018 de
709 976 852 1019 Arnob.
881 976 951 1019 vll.
980 987 1017 1029 p.
1046 978 1140 1019 239.
1170 987 1254 1030 cap.
1284 978 1363 1031 33,
1393 987 1443 1018 ea
1471 977 1575 1018 idem
1605 970 1817 1031 perperam
1842 977 2038 1034 retulit-p.
2068 978 2162 1018 574.
2191 988 2264 1019 nec
2293 980 2436 1031 magis,
2466 977 2714 1031 quamssrel·

275 1038 721 1097 lius,.commemoravit
750 1044 799 1086 ab
822 1044 970 1092 ¹eodem
991 1044 1155 1086 Heinsio
1175 1045 1269 1087 Adv.
1297 1045 1358 1088 IV.
1389 1048 1425 1088 9.·
1454 1057 1488 1098 p.
1517 1047 1614 1088 621.
1644 1047 1686 1087 in
1715 1045 1815 1087 libro
1845 1045 1888 1088 V.
1915 1056 1951 1098 p.
1984 1046 2076 1086 156.
2106 1054 2190 1098 cap.
2220 1045 2276 1087 2.:
2307 1057 2443 1087 meas
2471 1046 2549 1087 bas
2578 1045 2713 1099 placa·

273 1110 398 1154 bitls“
425 1114 614 1167 scriptum
638 1125 758 1160 esse:
784 1111 924 1155 meas
954 1114 1075 1156 iras,
1106 1136 1159 1143 -
1188 1113 1374 1155 Invadam
1398 1115 1484 1167 jam
1513 1123 1646 1155 arcem
1675 1114 1783 1155 illam
1821 1114 2005 1156 vitiorum
2042 1113 2100 1155 Vl.
2137 1125 2173 1166 p.
2212 1114 2305 1156 208.
2335 1125 2419 1168 cap.
2449 1116 2536 1158 23.:
2566 1114 2716 1157 Inmiti

195 1202 201 1207 ι
269 1183 405 1234 operis
434 1194 501 1223 res
530 1186 595 1223 est
622 1186 705 1224 toto
736 1184 778 1223 in
808 1182 903 1224 orbe
933 1181 1163 1224 describere
1193 1192 1294 1235 quae
1324 1183 1405 1224 sint
1433 1182 1530 1224 fana
1558 1182 1749 1224 convulsa
1790 1185 1922 1224 terrae
1961 1182 2134 1224 motibus
2173 1185 2215 1224 et
2251 1183 2580 1237 tempestatibus,
2609 1193 2729 1237 quae‘

273 1251 440 1292 incensa
470 1250 519 1292 ab
549 1250 735 1293 hostibus
766 1274 835 1303 —,
866 1260 968 1302 quae
998 1251 1201 1293 antistites
1232 1254 1273 1293 et
1301 1250 1533 1293 sacerdotes
1563 1252 1643 1304 ipsi
1672 1275 1726 1280 —
1745 1251 1994 1305 nudaverint,
2025 1261 2126 1304 quae
2156 1251 2206 1292 ad
2235 1252 2414 1293 ultimum
2431 1252 2542 1293 fures
2572 1255 2614 1293 et
2641 1251 2713 1293 ob·
2747 1250 2749 1252 “

268 1321 410 1360 serata
437 1318 657 1372 pandentes
686 1310 1013 1360 remedorum'
1029 1318 1098 1370 (al.
1128 1319 1462 1361 tenebrarum
1491 1319 1744 1378 obscuritate.
1775 1320 1822 1362 aL
1860 1320 2213 1362 remediorum.
2252 1320 2300 1362 al.
2339 1324 2537 1362 remota
2575 1321 2714 1364 omni

271 1385 409 1430 obsc.
438 1386 609 1442 Hildebr.
638 1386 964 1428 terebrorum
995 1388 1107 1440 ope)
1138 1387 1477 1430 Canacheni“
1532 1387 1605 1429 Hic
1636 1387 1687 1429 ad
1716 1388 2093 1430 Saracenorum
2121 1390 2371 1430 mentionem
2402 1388 2609 1431 descendit
2634 1386 2714 1430 Ile-

275 1454 410 1496 raldus
440 1456 528 1508 (qui
557 1455 715 1508 quidem
744 1458 954 1508 spectasse
982 1456 1137 1498 videtur
1163 1467 1243 1499 non
1273 1457 1321 1497 ad
1350 1456 1555 1498 Menandri
1573 1457 1709 1498 locum
1732 1456 1794 1498 ab,
1811 1456 1970 1498 Valesio
2000 1458 2041 1497 in
2061 1456 2253 1499 Ammian.
2277 1457 2447 1499 Marcell
2478 1455 2575 1499 XIV.
2605 1458 2647 1510 4,
2679 1458 2716 1504 1.
2748 1499 2751 1503 ,

276 1535 314 1577 p.
343 1524 408 1567 21.
439 1524 616 1578 allatum,
643 1525 717 1566 sed
742 1524 796 1565 ad
822 1535 962 1567 rocem
981 1524 1204 1579 Arabicam,
1235 1535 1352 1578 quam
1379 1515 1514 1576 attigit
1535 1525 1605 1567 Vir
1632 1524 1782 1568 Doctus
1809 1535 1872 1578 ap.
1903 1525 2027 1567 Orell.·
2044 1525 2220 1578 Append.
2245 1538 2281 1579 p.
2312 1527 2410 1580 65).
2449 1525 2717 1580 opportunius

240 1622 242 1624 »
275 1603 543 1634 vero²nomen
573 1592 940 1646 Ci'nganorum,
979 1594 1094 1645 cujus
1131 1592 1363 1634 memoriam
1400 1593 1562 1645 subjicit
1601 1594 1756 1636 Coelius
1796 1594 2044 1645 Rbodiginus
2084 1593 2206 1636 Lectt
2245 1595 2375 1647 Antiq.
2406 1594 2532 1638 XVlll.
2572 1596 2637 1637 38.
2675 1591 2715 1648 p-

276 1663 397 1704 1035.
427 1662 490 1704 Ι).;
522 1661 743 1703 Maurusios
765 1661 965 1713 Cinganos
995 1661 1185 1715 appellari
1212 1672 1315 1703 nunc
1336 1656 1574 1714 conjectatio
1595 1662 1836 1705 eruditorum
1865 1665 1942 1717 est,
1974 1662 2079 1714 quod
2108 1662 2158 1703 ab
2181 1662 2395 1716 Saracenis
2415 1663 2520 1716 pulsi
2538 1674 2610 1716 per
2628 1674 2723 1722 om·-

278 1741 370 1773 nem
399 1733 480 1773 sint
508 1731 690 1783 Europen
720 1730 905 1783 disjecti“
935 1734 976 1772 et
1003 1730 1174 1772 historia
1204 1730 1271 1771 illa
1299 1729 1492 1772 Draculae
1519 1731 1641 1773 latine
1670 1733 1913 1785 transcripta
1943 1741 1968 1772 a
1987 1731 2150 1772 Barthio
2168 1720 2264 1775 Λᾶν.
2285 1728 2401 1773 XLV.
2434 1734 2495 1774 14.
2514 1744 2549 1785 p.
2579 1732 2717 1776 2089:

270 1798 492 1851 Cinganum
522 1799 732 1851 aliquando
761 1798 859 1840 furti
887 1799 1059 1841 delatum
1087 1801 1128 1840 in
1157 1799 1324 1841 vinculis
1352 1798 1567 1841 habebat.“
1625 1800 1705 1842 Sed
1727 1800 1874 1841 viderit
1901 1800 1949 1840 de
1980 1810 2030 1841 ea
2058 1811 2103 1840 re
2134 1800 2404 1841 Grellmannus
2441 1801 2489 1841 de
2523 1801 2713 1852 zigeunis

277 1881 313 1921 p.
349 1871 438 1910 177.
467 1869 662 1918 Rigaltius
703 1869 832 1909 attulit
871 1872 1193 1910 catacoetos.
1252 1867 1376 1916 Quam
1414 1870 1654 1910 senteutiam
1689 1868 1809 1910 simul
1845 1868 2046 1910 illustrare
2085 1871 2127 1910 et
2163 1868 2367 1911 meliorem
2404 1869 2539 1911 facere
2578 1869 2743 1927 &deor

273 1936 617 1979 commemorando
648 1929 920 1985 ἇποκοίτους
949 1936 1096 1989 (Gloss.
1124 1936 1282 1978 Philox.
1312 1948 1350 1990 p.
1386 1937 1498 1979 iis:
1529 1931 1860 1996 iyovq‘ctffiatro,
1891 1947 2146 1978 emanens.
2177 1936 2296 1988 cang.
2318 1937 2444 1979 61033.
2475 1937 2516 1979 Τ.
2545 1937 2583 1979 li
2611 1937 2655 1980 P.
2683 1937 2714 1981 1.

272 2015 312 2059 p.
342 2006 470 2058 234),
499 1998 824 2059 ἢμὲροκοίτορς,
854 2006 1229 2046 dormitatores
1258 2005 1475 2057 Philox‘p.
1517 2004 1605 2047 s4.:
1643 2006 1822 2046 Hemero.
1850 2000 2000 2059 ἅρπαξ
2032 2005 2073 2046 id
2112 2009 2176 2046 est
2212 2005 2638 2058 hemerocoetus‚
2671 2008 2718 2048 ut

275 2078 382 2116 erret
411 2074 623 2115 Goldastus
653 2076 694 2114 in
723 2073 761 2115 S.
790 2073 985 2115 Valerian.
1014 2085 1048 2126 p.
1080 2074 1144 2114 63.
1175 2072 1428 2125 Cangiusque
1460 2072 1588 2115 61033.
1617 2073 1660 2116 T.
1688 2073 1796 2116 llsP.
1826 2070 1853 2115 1.
1883 2085 1916 2125 p.
1947 2073 2041 2115 715.
2072 2072 2203 2116 Tzetz.
2233 2076 2273 2115 et
2311 2073 2435 2115 Procl.
2473 2075 2515 2116 in
2552 2073 2723 2124 Hesiod.

276 2142 343 2197 Op.
375 2144 468 2185 603.
496 2143 660 2196 p.*35l,
690 2141 756 2185 20.
786 2142 851 2184 22.
880 2131 1214 2197 ἦμερόκοιτοςό
1245 2138 1440 2196 κλέπτης.
1484 2141 1610 2185 61033.
1640 2141 1740 2184 Vett.
1770 2151 1830 2195 ap.
1869 2141 2005 2184 Savar.
2044 2143 2086 2184 in
2125 2142 2258 2184 Sidon.
2297 2142 2505 2196 Apollinar.
2533 2141 2658 2195 Epist.
2686 2142 2716 2188 1.

276 2214 313 2257 8.
341 2224 376 2266 p.
408 2213 494 2254 61.:
524 2202 817 2267 ἥμερόκοιτος.
849 2210 1093 2265 dormitator,
1122 2209 1188 2252 fur
1215 2209 1478 2252 nocturnus.“
1534 2210 1699 2253 Erhard.
1727 2212 1769 2251 in
1797 2210 1954 2253 Petron
1986 2212 2050 2254 82.
2079 2223 2115 2265 p.
2145 2213 2238 2254 406.
2298 2211 2395 2260 Quid
2416 2212 2504 2262 jam
2536 2209 2724 2255 referans

276 2280 334 2324 ab
359 2280 448 2323 aliis
480 2279 875 2322 Canachenorum
903 2286 1046 2322 nomen
1074 2281 1201 2333 repeti
1229 2289 1255 2321 a
1285 2279 1472 2322 canacho
1501 2282 1572 2321 aut
1600 2290 1625 2321 a
1653 2275 1847 2331 κάναχος
1876 2281 2010 2333 (Orell.
2039 2292 2074 2333 p.
2115 2282 2207 2322 391.
2247 2282 2339 2333 sq.),
2370 2280 2419 2321 ab
2455 2280 2544 2320 aliis
2575 2280 2714 2333 (orell.
2737 2275 2739 2277 ’

273 2349 448 2403 Append.
476 2361 511 2403 p.
542 2349 629 2402 65.)
660 2349 783 2391 scribi
821 2348 1185 2402 Chanabenos,
1224 2348 1531 2390 Hildebrandum
1569 2352 1702 2390 autem
1740 2360 1787 2390 eo
1830 2349 2065 2402 deerrasse,
2106 2353 2149 2390 ut
2177 2349 2277 2392 haec
2303 2347 2496 2389 effutiret:
2528 2348 2712 2391 obscu-
2747 2398 2750 2402 ¹

273 2419 439 2460 ritate
468 2428 538 2471 pro
568 2418 672 2459 falso
703 2417 852 2458 ducens
882 2417 1092 2459 emendare
1121 2417 1238 2459 velim
1265 2416 1594 2459 terebrorum
1623 2427 1739 2470 ope,
1770 2417 1875 2469 quod
1895 2418 1942 2457 de
1962 2417 2117 2459 furibus
2137 2418 2272 2457 furtim
2292 2419 2424 2457 omnia
2442 2416 2711 2469 pandentibus

277 2486 467 2531 obserata
496 2486 636 2538 placet.
695 2485 971 2527 Tei-ebrum
999 2496 1070 2539 pro
1099 2485 1315 2527 terebra
1343 2485 1467 2526 babet
1494 2486 1788 2535 Hieronymus“
1797 2486 1817 2527 ἲ
1875 2486 2039 2527 Scilicet
2067 2486 2121 2527 illi
2149 2487 2284 2526 satius
2305 2485 2382 2540 fuit
2410 2486 2451 2525 in
2479 2485 2612 2526 locum
2640 2496 2716 2528 re·-

277 2555 532 2599 medorum
561 2554 766 2596 sufficere
780 2554 1114 2596 caradrorum
1140 2553 1259 2606 Cang.
1289 2553 1470 2596 610331.
1500 2565 1537 2606 p.
1566 2553 1662 2596 830.
1692 2553 1854 2607 Restat,
1895 2553 1943 2594 de
1981 2553 2059 2605 qua
2093 2553 2266 2606 dicatur,
2300 2539 2457 2594 Nourrii
2496 2554 2746 2608 sententia,

276 2625 385 2676 qui,
388 2623 587 2676 ,intelligit
613 2623 861 2675 praedones,
892 2624 981 2674 qui,
1011 2624 1048 2662 si
1076 2623 1397 2663 remedorum
1426 2622 1731 2674 (remediorum)
1761 2623 2089 2663 obscuritate
2117 2622 2318 2673 legamus,
2358 2617 2512 2662 artibus
2542 2624 2716 2673 magieis

277 2694 442 2736 deorum
471 2692 683 2733 simulacra
719 2695 788 2731 aut
816 2691 1085 2742 spoliaverant
1114 2694 1261 2732 aut-ex
1297 2689 1453 2742 templis
1489 2689 1767 2730 abstulerant“
1806 2689 1919 2731 Orell.
1949 2702 1983 2741 p.
2015 2690 2107 2731 392.
2135 2689 2184 2729 Et
2211 2689 2277 2730 hic
2312 2689 2472 2740 quidem
2499 2689 2596 2731 illud
2623 2689 2745 2733 reli-⁴

278 2771 397 2814 quum
426 2760 579 2813 habuit,
608 2764 652 2799 ut
680 2758 1061 2810 Hypatenorum
1090 2761 1329 2801 mentionem
1357 2758 1543 2800 inferret:
1575 2756 1765 2799 obserata
1794 2757 2012 2809 pandentes
2051 2756 2394 2798 remediorum
2434 2757 2560 2809 (conf.
2590 2757 2716 2812 Cang.

278 2830 404 2871 Gloss.
434 2829 484 2871 lll.
513 2841 548 2881 p.
579 2818 694 2881 5772)
726 2828 983 2878 obscuritate,
1002 2828 1104 2880 Hyp
1114 2827 1312 2881 ateni“;
1342 2826 1445 2879 quod
1474 2836 1618 2867 nomen
1647 2825 1753 2878 apud
1781 2826 2043 2884 Ap‘ulejum
2072 2824 2156 2866 Met.
2186 2824 2242 2866 Ν.
2272 2835 2307 2877 p.
2337 2825 2431 2866 254.
2461 2824 2617 2867 Milonis
2635 2825 2719 2878 ny·-

274 2897 428 2952 patini“
457 2896 596 2948 (scrib.
626 2897 846 2949 Hypateni
876 2896 977 2938 conf.
997 2895 1341 2939 Lobeckffiathol.
1360 2895 1416 2938 Ν.
1437 2896 1472 2937 3.
1492 2906 1527 2947 p.
1553 2896 1642 2937 191.
1663 2905 1722 2947 sq.
1748 2896 1859 2948 196.)
1881 2917 1932 2923 —
1956 2895 1996 2935 in
2017 2893 2165 2945 aliquot
2185 2894 2291 2934 enim
2311 2892 2578 2946 Oudendorpii
2606 2893 2722 2938 codi-

278 2966 392 3009 cibus
422 2968 505 3006 est:
538 2965 632 3015 Hya
645 2965 727 3006 ehi
757 2959 811 2994 —*
841 2965 962 3006 simili
990 2964 1213 3018 corruptela
1251 2963 1438 3006 affectum
1475 2962 1657 3004 videatur
1696 2974 1791 3005 esse
1830 2966 1947 3014 atque
1986 2963 2026 3002 in
2063 2961 2141 3003 hoc
2180 2961 2345 3002 Arnobii
2381 2961 2481 3004 loco.
2540 2962 2721 3018 Namque

278 3044 370 3077 cum
398 3033 565 3074 aliorum
592 3042 800 3083 magorum
827 3036 911 3074 tum
941 3033 1225 3074 Thessalorum
1254 3031 1331 3072 fuit
1358 3035 1399 3092 et
1426 3031 1637 3084 „homines
1666 3033 1708 3071 in
1738 3030 1917 3071 domibus
1937 3032 2049 3069 tanta
2076 3031 2286 3070 numinum
2298 3030 2490 3070 violentia
2518 3031 2743 3087 claudem-

280 3106 326 3144 ut
352 3113 427 3144 nec
458 3102 632 3142 claustra
660 3102 854 3153 perfringi
882 3112 956 3142 nec
985 3101 1096 3142 fores
1126 3100 1247 3141 evelli·
1268 3099 1461 3153 possent“
1488 3098 1642 3150 Apulej.
1670 3099 1757 3140 Met.
1795 3097 1822 3139 Ι.
1860 3109 1894 3149 p.
1933 3098 1997 3138 41.
2028 3100 2069 3138 et
2106 3101 2299 3150 „repente
2337 3098 2512 3151 impulsu
2549 3101 2720 3156 majore,

278 3181 400 3222 quam
429 3173 473 3210 ut
500 3170 675 3211 latrones
694 3169 906 3222 crederes,
930 3169 1076 3221 januas
1106 3168 1317 3210 reserare“
1346 3179 1382 3220 p.
1411 3166 1476 3209 44.
1507 3167 1572 3209 52.
1602 3168 1719 3220 „sine
1739 3166 1914 3207 clavibus
1934 3175 2118 3206 reserare
2137 3175 2241 3217 quae
2261 3165 2402 3208 clausa
2421 3168 2546 3209 sunt“
2575 3168 2724 3213 Arno).

276 3238 305 3281 1.
334 3249 369 3291 p.
397 3239 463 3280 25.
495 3248 578 3291 cap.
608 3237 688 3290 43,
717 3237 785 3277 ubi
815 3239 881 3289 qui
910 3237 1125 3278 attulerunt
1153 3236 1325 3288 Originis
1344 3246 1378 3276 c.
1400 3234 1557 3276 Celsum
1585 3235 1727 3276 verba:
1757 3227 1906 3286 γόητὲς
1934 3246 2052 3281 τινες
2067 3230 2277 3282 ,ἐπωδαῒς
2306 3230 2452 3292 θύρας
2481 3229 2741 3287 ἀνοίγουσι.

282 3310 324 3348 et
353 3306 477 3347 Ovidii
508 3307 589 3348 Am.
618 3306 655 3348 11.
686 3308 724 3359 1,
754 3306 841 3347 272:
873 3305 1121 3346 Carminibus
1152 3304 1452 3346 cessereffores
1484 3327 1553 3356 —,
1583 3305 1754 3345 carmine
1784 3303 1890 3349 victa
1919 3312 2014 3343 sera
2041 3302 2134 3343 est“
2158 3302 2355 3345 Heraldus
2385 3316 2420 3357 p.
2451 3306 2543 3346 330.
2573 3307 2614 3345 et
2633 3304 2739 3362 nii--

272 3373 505 3417 debrandus
529 3386 569 3426 p.
600 3377 680 3427 69.,
711 3375 930 3429 omiserunt
958 3373 1097 3416 Senec.
1125 3373 1238 3415 Herc.
1268 3372 1349 3414 Oet.
1379 3371 1492 3414 458..:
1522 3371 1704 3412 Habuere
1733 3373 1882 3412 motum
1911 3379 2033 3411 saxa:
2065 3371 2243 3413 discussi
2269 3372 2420 3414 fores.“
2467 3372 2614 3415 Verum
2638 3383 2721 3417 ιοι

272 3444 411 3497 magis
435 3442 735 3495 Hypatenorum
762 3443 1004 3485 mentionem
1032 3430 1075 3484 in
1100 3441 1178 3486 hoc
1204 3441 1293 3487 loco
1321 3440 1423 3494 fero,
1453 3449 1571 3494 quam
1600 3440 1951 3494 caragiorum,
1980 3439 2029 3481 de
2060 3439 2205 3492 quibus
2234 3442 2275 3482 in
2305 3441 2496 3483 Sermone
2525 3441 2575 3484 de
2604 3442 2716 3486 dedi-

2122 3510 2169 3552 11
