2812 3748
1160 290 1367 344 *86
1435 316 1502 329 .-

0 430 11 515 f
86 453 184 509 gsibi
213 453 365 495 adoleri
393 458 559 505 paratas
591 454 847 506 conspexerit
877 453 1034 495 taenias
1065 452 1247 505 offasque
1277 456 1504 505 penitas.
1535 448 1977 506 cod-redemptas..
2017 423 2250 505 Agnoscere
2287 453 2425 497 videor
2452 453 2556 507 idem

0 550 5 584 3
88 523 253 576 'vitium‚
285 532 364 575 quo
396 522 502 575 apud
532 522 721 564 Catonem
762 521 811 563 de
841 520 898 563 Re
927 520 1040 563 Rust.
1081 521 1262 564 CXXXV.
1294 524 1333 564 3.
1363 533 1401 575 p.
1431 525 1523 565 89.:
1563 523 1673 565 coria
1713 546 1765 552 —
1808 531 1910 575 quae
1946 520 2132 573 depsta
2169 520 2303 564 sient“
2340 523 2557 566 incndite

0 584 8 613 ἓ
97 589 259 632 Vratisl.
270 592 472 644 scriptum
484 594 547 631 est
564 590 587 630 d
599 600 621 630 e
632 601 670 630 m
682 601 707 642 p
719 592 736 629 t
747 600 770 630 a
786 589 892 630 conf.
910 589 1070 631 Lxxvi.
1087 591 1125 631 2.
1144 592 1182 631 3.
1199 601 1237 643 p.
1259 593 1350 632 66.;
1367 591 1589 644 dcpsueris.
1606 590 1854 645 condepslto,
1867 589 1936 632 ubi
1951 589 2101 642 aliquot
2120 589 2230 631 editt.
2251 589 2423 642 demps
2437 593 2554 634 erla.

97 670 122 700 c
133 669 157 700 ο
167 669 194 700 ιι
205 659 229 700 d
240 669 311 700 em
321 670 348 711 p
360 670 380 699 s
392 661 477 699 ito.
537 658 618 715 Sed
647 660 755 699 enim
783 658 1070 700 intendendum
1100 662 1167 702 est
1191 663 1233 700 et
1260 660 1382 701 verbo
1413 671 1433 700 r
1443 671 1465 700 e
1477 660 1534 700 de
1544 670 1569 712 p
1581 670 1601 700 s
1615 670 1638 700 e
1648 670 1675 700 n
1685 660 1733 700 di
1763 669 1787 700 a
1816 659 1936 711 nullo,
1967 657 2071 710 quod
2100 660 2227 699 sclam
2237 689 2249 712 ‚
2287 661 2481 711 usurpato
2509 663 2551 701 et

0 747 6 770 r
96 726 271 770 bacchio
302 727 429 782 (conf.
461 726 694 778 Cannegiet.
724 728 766 767 in
794 727 933 768 Avian.
965 727 1060 768 Fab.
1091 727 1120 768 l.
1151 730 1189 769 9.
1220 739 1257 780 p.
1293 729 1397 787 16)
1418 729 1460 769 in
1497 738 1547 770 ea
1585 727 1681 769 sede
1701 729 1875 781 ¹posito,
1905 737 2006 779 quae
2046 725 2131 768 dari
2169 726 2221 768 ab
2252 727 2435 769 Arnobio.
2453 727 2558 770 solet

98 796 293 839 molosso.
325 819 378 825 —
407 795 507 845 Pag.
539 796 637 836 233.
669 805 757 847 cap.
788 795 856 836 27.
870 808 880 836 :
919 798 1004 837 tam
1042 796 1064 837 f
1072 806 1095 837 a
1106 797 1252 838 milia
1262 799 1367 838 rite
1377 807 1399 837 r
1436 795 1764 848 concupiscant.“
1785 847 1789 851 ⁴
1838 795 1954 836 Orell.
1993 795 2043 837 fe
2053 806 2074 836 r
2083 807 2107 837 v
2118 806 2140 836 e
2151 798 2195 836 nt
2206 805 2228 836 e
2239 805 2270 836 r.
2310 795 2333 836 f
2339 805 2362 837 a
2374 807 2413 837 m
2424 796 2467 838 el
2477 798 2492 838 i
2502 807 2524 838 c
2533 807 2556 837 e

0 875 7 915 ι
96 864 296 916 (Hildebr.
325 863 686 915 fameliciter).
747 863 868 906 Immo
899 875 995 905 vero
1024 865 1168 906 subest
1197 866 1236 906 id
1265 867 1350 906 vitii
1380 875 1522 917 genus,
1553 875 1630 917 quo
1660 868 1701 905 et
1736 865 1840 916 apud
1869 863 2084 905 Arnobium
2111 863 2170 905 Vl.
2200 873 2287 916 cap.
2317 865 2407 905 23.:
2447 867 2556 906 cuni-

97 931 257 974 cularii
287 932 480 984 scriptum
509 933 574 972 est
602 930 854 972 canachum
884 934 927 973 et
954 931 992 974 ll.
1023 944 1063 985 p.
1093 935 1160 975 97.
1192 944 1279 986 cap.
1312 935 1377 976 75.
1408 934 1724 975 centenarios
1754 932 2017 985 (Lachmann.
2057 934 2098 975 in
2137 933 2290 975 Lucret.
2321 933 2360 975 ll.
2390 934 2487 976 537.
2515 943 2555 987 p.

0 991 5 1000 '
51 1022 55 1026 ·
100 1002 195 1042 107.
213 1002 360 1042 centim
372 1010 397 1041 a
407 1011 432 1041 ιι
442 1010 464 1041 ο
476 1000 518 1052 s)
534 1003 576 1040 et
590 1000 693 1051 apud
705 999 914 1052 Apuleium
926 1001 1015 1048 Met.
1031 1001 1070 1042 ll.
1087 1013 1124 1054 p.
1146 1004 1237 1043 101.
1251 1015 1260 1042 z
1283 1013 1386 1042 nexu
1402 1003 1585 1042 venerio
1606 1002 1647 1040 in
1663 1000 1799 1042 codice
1811 1000 1973 1053 Guelph.
2000 1011 2076 1042 ven
2086 1012 2109 1042 e
2120 1011 2146 1043 n
2157 1012 2180 1043 o
2201 1005 2242 1043 et
2257 1001 2362 1054 apud
2372 1002 2551 1044 Cassiod.

96 1068 275 1127 Vanxll.
288 1070 355 1110 27.
372 1080 410 1120 p.
428 1070 520 1109 186.
532 1068 787 1109 Arcarium.
800 1068 965 1109 Accurs.
988 1080 1226 1110 arcanum.
1251 1069 1339 1109 add.
1350 1069 1520 1109 Salmas
1532 1069 1672 1109 Exere.
1681 1068 1784 1117 Plin.
1800 1079 1838 1120 p.
1856 1069 1952 1109 213.
1971 1078 2006 1109 a.
2024 1069 2065 1110 B.
2078 1068 2325 1122 Oudendorp.
2336 1072 2376 1111 in
2388 1071 2553 1115 Sueton.

96 1136 242 1179 Demit.
269 1136 303 1178 l.
325 1147 365 1188 p.
387 1136 483 1177 892.
513 1124 657 1178 ιιοῐ.’4.
679 1135 792 1188 Valg.
813 1147 851 1188 p.
874 1138 986 1189 507„
1017 1136 1384 1187 restituendumque
1414 1139 1499 1176 est:
1530 1128 1850 1177 famulanter
1878 1137 2208 1189 concupiscant‚“
2230 1138 2333 1190 quod
2353 1137 2552 1180 Arnoblus

96 1207 272 1257 sumpsit
301 1204 351 1245 ab
362 1204 482 1259 ·Attio
507 1204 626 1245 Terei
639 1204 695 1273 fr.
718 1205 756 1244 3.
779 1215 815 1256 p.
838 1205 958 1245 243.:
988 1205 1314 1245 famulanter
1343 1204 1505 1255 pete.“
1523 1226 1575 1232 —
1592 1203 1691 1254 Pag.
1722 1204 1818 1245 237.
1849 1214 1937 1257 cap.
1968 1205 2058 1259 ²3²⁶
2089 1206 2204 1257 aquis
2230 1216 2330 1258 opus
2352 1210 2416 1248 est
2435 1209 2554 1260 atque
2609 1201 2613 1203 ’

97 1275 288 1325 adjuncta
318 1274 535 1323 antiqua
560 1274 714 1313 'cineris
734 1273 964 1313 frictione.“
1013 1274 1141 1312 Ursin.
1173 1273 1365 1322 aliqua.
1396 1271 1598 1312 Stewech.
1629 1273 1835 1323 antiqui
1862 1272 1925 1312 vel
1955 1274 2220 1323 antiquae.
2252 1274 2425 1315 Hildebr.
2455 1275 2556 1316 lau-

86 1342 240 1384 'ticia.
271 1340 489 1393 spanhem.
520 1341 562 1381 in
583 1339 811 1382 Callimach.
842 1340 939 1382 Pali.
979 1342 1013 1381 1.
1055 1351 1092 1393 p.
1123 1340 1238 1381 528.:
1270 1350 1399 1392 opus
1430 1333 1591 1391 atque'
1615 1339 1846 1391 antiqua.
1890 1339 2097 1393 'Equidem
2131 1341 2171 1382 in
2201 1340 2281 1382 alia
2310 1343 2442 1384 omnia
2470 1342 2551 1385 dis·

95 1404 208 1453 cedo.
269 1410 426 1452 Censeo
457 1410 563 1453 enim
593 1408 653 1449 ad
672 1419 810 1450 vocem
841 1410 1041 1450 cineris
1072 1410 1243 1450 maxime
1273 1409 1516 1460 pertinuisse
1545 1407 1824 1460 cormptelam.
1884 1407 1992 1458 Quae
2020 1419 2100 1452 vox
2129 1412 2250 1451 antea
2287 1412 2347 1452 sic
2376 1411 2553 1464 scripta:

7 1468 10 1471 ”
95 1478 294 1521 cinelis
325 1477 460 1530 (Valg.
491 1488 529 1529 p.
560 1477 679 1529 506.)
709 1480 888 1530 proxime
919 1477 1048 1518 abfuit
1078 1487 1102 1518 a
1131 1488 1242 1530 vero,
1272 1476 1376 1529 quod
1405 1477 1604 1517 monstrat
1632 1476 1788 1528 Apuleji
1808 1476 1899 1518 Met.
1928 1477 1988 1518 lX.
2018 1476 2212 1530 p..610.:
2242 1488 2431 1531 equorum
2453 1489 2556 1521 cur-

15 1577 17 1579 -
46 1580 54 1586 .
95 1548 203 1590 ruli
231 1547 375 1588 rabie“
405 1546 534 1588 codex
564 1546 669 1587 Pith.
699 1546 863 1587 civili.
923 1547 1007 1587 Hoc
1047 1547 1152 1586 enim
1183 1548 1464 1596 consignatum
1503 1545 1630 1586 literis
1661 1545 1711 1586 ab
1741 1545 1916 1587 Arnobio
1946 1546 2045 1588 fuit:
2075 1549 2324 1599 antiquae
2355 1548 2557 1589 curulis

94 1614 175 1659 vid.
207 1614 404 1657 Scheffer.
435 1614 601 1656 Advers.
631 1623 717 1667 cap.
746 1614 799 1655 lli.
829 1624 866 1666 p.
898 1615 995 1656 300.
1026 1614 1135 1656 Misc.
1168 1613 1285 1655 Obss.
1317 1614 1401 1656 Vol.
1432 1613 1517 1655 Vlll.
1549 1613 1594 1655 T.
1624 1613 1676 1655 lll.
1711 1613 1914 1655 Schwarz.
1946 1615 1986 1655 in
2015 1614 2115 1656 Plin.
2146 1614 2296 1667 Paneg.
2325 1615 2416 1657 LlX.
2446 1617 2486 1658 2.
2516 1627 2557 1670 ιι.

79 1670 194 1727 ’273
226 1695 286 1735 sq.
318 1683 408 1724 add.
437 1682 664 1731 Merobaud.
695 1683 846 1733 Paneg.
877 1684 945 1724 44.
975 1694 1013 1734 p.
1049 1684 1136 1723 12.;
1167 1683 1344 1723 Victoria
1374 1693 1545 1734 semper
1565 1682 1749 1723 Ductoris
1790 1684 1942 1723 sociam
1971 1685 2094 1723 traxit
2128 1684 2307 1741 praelata
2338 1684 2556 1726 curulem.“

95 1752 331 1795 cassiodor:
359 1751 453 1793 Var.
483 1750 531 1793 X.
566 1753 629 1792 11.
659 1762 697 1804 p.
734 1752 848 1793 150.:
878 1752 1062 1792 meruisti
1091 1751 1304 1803 conjugem
1324 1751 1462 1802 regiae
1484 1750 1623 1802 stirpis
1644 1751 1843 1804 accipere,
1873 1761 1992 1803 quam
2012 1752 2051 1793 in
2073 1753 2153 1793 tuis
2183 1752 2454 1794 curulibus
2483 1763 2558 1795 nec

15 1824 20 1828 ’
89 1821 446 1876 praesumpsisses
477 1819 646 1872 optare“
675 1819 765 1871 (ubi
794 1820 958 1872 repudio
980 1820 1130 1872 cujacii
1162 1821 1422 1872 scripturam:
1456 1822 1525 1861 tuo
1555 1819 1872 1872 consulatu).
1931 1819 2027 1861 Nolo
2067 1822 2172 1861 enim
2200 1821 2302 1863 haec
2330 1821 2461 1873 paullo
2490 1832 2555 1862 re-

87 1891 319 1934 conditiora
347 1899 530 1949 promere
562 1898 610 1929 ac
631 1888 932 1929 commendare:
965 1890 1212 1940 antiquae
1244 1888 1490 1937 curtulis.
1523 1889 1651 1930 Gloss.
1682 1887 1804 1929 Labb.
1834 1900 1871 1941 p.
1902 1890 1991 1930 94.;
2023 1886 2129 1937 ἴτυς.
2151 1889 2364 1942 Antiqua.“
2417 1890 2552 1932 Front.

13 2010 15 2012 ³
93 1960 145 2002 de
174 1959 262 2000 Fer.
292 1958 418 2000 Alsat.
449 1958 566 2009 epist.
597 1958 636 1997 3.
666 1968 704 2009 p.
736 1957 854 1998 213.:
885 1957 1033 1998 curruli
1063 1958 1233 2009 strepitu
1263 1959 1303 1997 et
1332 1968 1420 1998 cum
1450 1957 1613 1998 stemitu
1643 1956 1863 2008 equestri.“
1923 1956 2026 1998 Dicit
2055 1961 2188 1999 autem
2218 1959 2415 2001 Arnobius
2445 1958 2553 2011 Mag-

13 2060 24 2072 .
92 2038 173 2071 nae
203 2027 341 2068 Matris
371 2037 543 2078 currum,
575 2035 692 2077 quem
723 2024 791 2065 alii
819 2027 966 2066 vocant
994 2028 1228 2078 carpentum
1258 2025 1385 2076 (conf.
1416 2025 1553 2066 Bross.
1577 2026 1624 2066 in
1655 2024 1834 2066 Cassiod.
1864 2024 1955 2066 Var.
1986 2025 2043 2066 Vl.
2075 2027 2113 2067 3.
2144 2038 2181 2078 p.
2222 2027 2335 2080 92),
2365 2027 2553 2068 essedum

92 2095 362 2147 Lindenbrog.
393 2096 435 2136 in
464 2094 656 2136 Ammian.
685 2092 856 2136 Marcell.
886 2093 1009 2135 XXlll.
1043 2095 1085 2147 3,
1113 2096 1151 2136 7.
1182 2107 1219 2147 p.
1256 2096 1318 2135 ll.
1349 2094 1534 2136 lecticam
1575 2086 1823 2144 Augustinus
1862 2092 1911 2135 de
1951 2094 2031 2135 Civ.
2072 2093 2155 2136 Dei.
2195 2095 2233 2136 ll.
2274 2097 2312 2137 4.
2344 2094 2406 2148 ap.
2438 2094 2553 2137 Orell.

99 2164 279 2220 Append.
310 2175 348 2216 p.
380 2165 448 2204 76.
478 2163 585 2204 conf.
615 2162 803 2204 Arntzen.
832 2165 873 2204 in
903 2162 1122 2204 Mamertin.
1154 2163 1260 2203 Grat.
1291 2162 1377 2204 Act.
1408 2162 1527 2204 XXX.
1559 2162 1598 2202 2.
1627 2173 1666 2213 p.
1696 2162 1808 2214 763„
1843 2161 2101 2204 ferculum
2141 2164 2377 2217 (DausqueJ.
2417 2166 2458 2204 in
2484 2163 2559 2219 Sil.

93 2234 186 2276 Ital.
216 2233 262 2276 V.
298 2234 391 2274 167.
420 2243 459 2284 p.
490 2232 624 2284 217.),
655 2234 698 2272 ut
728 2242 804 2284 ego
835 2231 1020 2285 arbitror,
1049 2232 1087 2273 Μ
1099 2232 1307 2273 artialis
1337 2232 1389 2273 lll.
1421 2233 1490 2285 47,
1523 2231 1584 2272 2.;
1615 2229 1909 2283 Phrygiumque
1929 2230 2065 2273 Matris
2095 2233 2207 2275 Almo
2228 2244 2305 2286 qua
2324 2233 2432 2275 lavat
2460 2232 2555 2275 fer-

94 2298 283 2355 clum“;
313 2311 362 2342 eo
392 2301 500 2342 enim
529 2300 704 2352 dirigunt
732 2311 854 2343 voces
885 2301 975 2342 iliae
1006 2311 1028 2342 e
1058 2301 1264 2342 codicibus
1305 2310 1329 2341 a
1368 2299 1691 2341 Schneidewiuio
1730 2310 1767 2352 p.
1811 2301 1903 2341 131.
1943 2302 2151 2346 enotatae:
2193 2301 2399 2344 ferrum·
2430 2300 2556 2355 (quod

84 2357 301 2424 ‘explicare
333 2372 469 2412 conati
500 2372 595 2410 sunt
615 2370 802 2411 Barthius
832 2372 873 2411 in
904 2370 1105 2411 claudian.
1138 2370 1230 2411 Bell.
1252 2370 1349 2411 Gild.
1374 2372 1467 2411 119.
1488 2380 1528 2421 p.
1559 2369 1655 2410 387.
1686 2371 1727 2409 et
1738 2363 1914 2410 'Orellius
1935 2369 2110 2422 Append.
2140 2382 2177 2423 p.
2200 2372 2313 2425 ⁷79·)=
2342 2372 2557 2424 fretum,

91 2439 305 2484 fertum.
339 2462 393 2469 —
414 2438 523 2489 ‘Pag.
554 2438 650 2479 238.
682 2448 768 2490 cap.
800 2438 891 2480 32.;
923 2438 1058 2480 colunt
1088 2440 1192 2480 enim
1232 2438 1286 2479 dii
1316 2439 1454 2479 vineas
1495 2444 1536 2479 et
1575 2436 1989 2480 absuasionibus
2025 2441 2289 2482 contracti
2319 2441 2555 2493 exprimunt

58 2507 452 2552 'vindemiatoribus
481 2506 659 2548 vinum.“
689 2507 738 2548 al.
770 2505 830 2549 ad
869 2516 993 2548 suas
1033 2509 1250 2548 usiones
1283 2507 1591 2548 contractis.
1626 2505 1803 2548 Elmenh.
1835 2506 1894 2548 ab
1936 2508 2294 2550 suasionibus.
2355 2509 2555 2551 Stewech.

12 2630 15 2633 Ι
92 2579 275 2629 longis
307 2577 366 2617 ab
397 2575 715 2617 vasionibus
745 2578 1008 2619 contracti.
1040 2576 1211 2616 Hildebr.
1249 2571 1693 2616 helluationibus,
1734 2575 1827 2615 Cod.
1868 2576 2282 2618 adsuasionibas
2324 2584 2555 2619 contrac-

93 2649 180 2688 tis.
240 2646 397 2697 Liquet,
428 2646 464 2685 si
495 2643 590 2695 quid
619 2645 730 2683 recte
760 2644 907 2695 sentio,
937 2644 1237 2684 instaurandam
1266 2654 1360 2685 esse
1389 2653 1552 2695 vocem,
1591 2652 1670 2695 qua
1697 2642 1830 2683 fraudi
1869 2643 2119 2685 llbrariorum
2154 2646 2301 2686 nullam
2329 2647 2458 2687 fuisse
2489 2656 2561 2698 op-

21 2700 28 2707 *
92 2716 369 2769 portuniorem
399 2713 518 2754 docet
537 2711 729 2752 Varronis
759 2711 945 2765 locusgde
966 2710 1023 2759 Re
1044 2711 1155 2752 Rust.
1176 2711 1227 2753 lll.
1248 2714 1288 2763 9,
1313 2713 1348 2752 1.
1368 2723 1405 2763 p.
1426 2711 1546 2752 296.:
1577 2712 1850 2752 racemari.
1881 2711 1994 2752 codd.
2023 2713 2371 2772 rac-iocinari,
2401 2715 2555 2756 ratio-

91 2785 229 2826 nari:
260 2779 726 2824 racemationlhus
758 2780 1103 2821 contractis.“
1163 2780 1290 2821 Gloss.
1321 2779 1443 2835 Labb.
1475 2791 1513 2831 p.
1545 2781 1636 2820 37.;
1664 2773 1963 2834 βοτρυολογία.
1996 2780 2270 2823 Racematio.“·
2329 2782 2558 2824 Tertullian.

93 2851 207 2906 Apol.
238 2850 391 2892 XXXV.
423 2861 460 2902 p.
494 2848 613 2890 302:
643 2851 738 2901 post
764 2848 1007 2889 vindemiam
1037 2848 1325 2900 parricIdarum
1362 2848 1582 2889 racematio
1621 2848 1873 2900 superstes.“
1931 2848 2164 2891 Schneider.
2202 2851 2244 2890 in
2275 2849 2475 2892 Columell.
2502 2850 2556 2893 lll.

18 2957 26 2963 .
74 2899 165 2975 l18,
196 2923 235 2964 4.
265 2932 302 2973 p.
337 2921 427 2961 179.
460 2940 513 2947 ——
545 2917 643 2969 Pag.
675 2918 772 2960 249.
805 2928 894 2971 cap.
925 2919 991 2960 44.
1022 2918 1110 2970 (41.
1140 2930 1177 2971 ιι.
1209 2918 1306 2961 262.
1338 2917 1498 2971 orell.):
1526 2919 1681 2970 partem
1711 2919 1775 2959 sui
1808 2920 2053 2972 postremam
2092 2919 2372 2962 conathus
2410 2921 2556 2974 prioris

64 3029 66 3033 ,
93 2988 300 3034 adducit.“
359 2987 534 3029 Hildebr.
565 2987 839 3029 rotatibus
869 2986 934 3028 vel
962 2987 1241 3030 volatibus.
1274 2985 1420 3029 Parum
1450 2987 1500 3028 ad
1520 2987 1626 3029 hunc
1655 2987 1785 3029 locum
1814 2990 1997 3041 congruit
2016 2988 2168 3041 Apulej.
2191 2988 2279 3030 Met.
2309 2989 2347 3030 ll.
2369 3000 2406 3042 p.
2440 2990 2556 3032 165.;

93 3059 275 3102 membra
304 3056 454 3108 frigida
482 3058 612 3108 pigris
644 3057 930 3098 conatibus
962 3056 1013 3097 ad
1052 3058 1149 3101 ariis
1188 3050 1372 3108 magicae
1411 3057 1588 3097 nituntur
1627 3056 1863 3108 obsequia.“
1922 3057 2049 3107 Quare
2090 3058 2343 3100 scribendum
2382 3057 2556 3100 videtur:

14 3140 23 3149 ⁴
91 3125 466 3172 contractibus
497 3126 687 3178 priorlS.“
718 3125 856 3167 Schol.
886 3124 969 3167 Nic.
1002 3123 1119 3166 Ther.
1153 3128 1244 3167 161.
1275 3138 1312 3178 p.
1344 3127 1433 3167 60.;
1464 3124 1526 3181 τῷ
1557 3119 1756 3182 ἑλκὺσμῷ
1786 3125 1868 3167 τοῦ
1899 3120 2121 3181 σώματος.
2162 3126 2267 3168 conf.
2303 3124 2484 3178 Fulge'nt.
2515 3126 2553 3168 ll.

93 3199 136 3240 5.
166 3200 209 3238 et
237 3195 439 3237 lluncker.
471 3207 507 3247 p.
540 3195 636 3236 672.
669 3218 717 3223 -
753 3194 852 3246 Pag.
885 3195 986 3235 250.
1015 3203 1104 3245 cap.
1136 3196 1203 3235 45.
1234 3186 1323 3246 (42.
1353 3205 1390 3245 p.
1422 3194 1516 3235 263.
1552 3193 1712 3247 Orell.):
1751 3196 1792 3236 in
1831 3206 2003 3247 anguem
2042 3196 2187 3237 dicatis
2228 3196 2479 3237 convertisse
2508 3206 2554 3237 se

11 3315 15 3320 .
91 3263 228 3317 deum,
258 3274 334 3315 quo
365 3264 525 3305 mentiri
555 3274 600 3304 se
630 3266 773 3315 posset
802 3264 987 3316 quisnam
1019 3264 1132 3303 esset
1161 3266 1229 3303 aut
1257 3262 1397 3316 quales
1426 3262 1612 3304 homines
1651 3263 1839 3306 intueri.“
1895 3263 2036 3306 Meurs.
2076 3266 2245 3316 posset
2283 3266 2334 3304 et
2372 3264 2557 3316 quisnam

78 3329 208 3397 'esset
228 3335 298 3374 aut
318 3332 475 3384 qualis
505 3332 599 3374 hoc
629 3334 798 3373 minus
829 3332 989 3373 intueri.
1040 3331 1171 3372 Ursin.
1202 3343 1226 3372 n
1239 3343 1260 3372 e
1274 3344 1294 3373 c
1326 3333 1510 3383 quisnam
1531 3335 1599 3372 aut
1629 3332 1826 3385 qualis,
1856 3344 1881 3385 p
1894 3344 1980 3374 oss
1993 3335 2080 3374 ent
2107 3332 2333 3374 homines.“
2380 3331 2554 3374 Hildebr.

73 3402 182 3448 ⁴aut
212 3400 403 3454 qualis,
432 3400 615 3441 homines
645 3401 814 3442 minus
845 3401 1055 3442 intueri.
1088 3399 1181 3441 Cod.
1212 3400 1363 3442 deest
1393 3411 1487 3454 quo
1518 3402 1729 3443 mentiri
1760 3411 1814 3442 se
1844 3411 2013 3454 posse.
2073 3399 2263 3452 Nimirum
2290 3400 2437 3443 fefellit
2463 3399 2556 3443 doe-

17 3495 20 3498 ·
90 3473 226 3515 tanim
253 3470 460 3518 hominum
489 3470 752 3511 intentionem
781 3473 822 3513 et
849 3471 991 3512 vitium
1020 3468 1115 3511 illud
1143 3471 1535 3529 pervagatissimum‚
1565 3469 1670 3521 quod
1700 3472 1925 3512 monstrare
1954 3469 2050 3512 licet
2076 3468 2178 3512 locis
2199 3466 2554 3512 CassiodorltVar.
